%% This BibTeX bibliography file was created using BibDesk.
%% http://bibdesk.sourceforge.net/

%% Created for Rachael Briggs at 2016-06-09 20:32:51 -0700


%% Saved with string encoding Unicode (UTF-8)



@incollection{stalnaker-assertion,
	Author = {Stalnaker, Robert},
	Booktitle = {Context and Content},
	Date-Added = {2016-06-10 03:26:39 +0000},
	Date-Modified = {2016-06-10 03:30:48 +0000},
	Publisher = {Oxford University Press},
	Title = {Assertion},
	Year = {1999}}

@article{spohn-ranking,
	Author = {Spohn, Wolfgang},
	Date-Added = {2016-06-10 02:30:54 +0000},
	Date-Modified = {2016-06-10 02:32:17 +0000},
	Journal = {Philosophers' Imprint},
	Number = {1},
	Title = {Conditionals: A Unified Ranking-Theoretic Perspective},
	Volume = {15},
	Year = {2015}}

@article{yalcin-bayesian,
	Author = {Yalcin, Seth},
	Date-Added = {2016-06-10 02:14:53 +0000},
	Date-Modified = {2016-06-10 02:15:46 +0000},
	Journal = {Proceedings of the Aristotelian Society},
	Number = {2},
	Pages = {123--160},
	Title = {Bayesian Expressivism},
	Volume = {112},
	Year = {2012}}

@article{yalcin-epistemic,
	Author = {Yalcin, Seth},
	Date-Added = {2016-06-10 01:42:29 +0000},
	Date-Modified = {2016-06-10 01:43:28 +0000},
	Journal = {Mind},
	Number = {464},
	Pages = {983--1026},
	Title = {Epistemic Modals},
	Volume = {116},
	Year = {2007}}

@article{Lewis1979-LEWCDA,
	Author = {David Lewis},
	Journal = {No\^u{}s},
	Number = {4},
	Pages = {455--476},
	Publisher = {Wiley-Blackwell},
	Title = {Counterfactual Dependence and Time's Arrow},
	Volume = {13},
	Year = {1979}}

@article{Arregui2009-ARROSI,
	Author = {Ana Arregui},
	Journal = {Linguistics and Philosophy},
	Number = {3},
	Pages = {245--278},
	Publisher = {Springer},
	Title = {On Similarity in Counterfactuals},
	Volume = {32},
	Year = {2009}}

@article{SalernoForthcoming-SALWOC,
	Author = {Joe Salerno and Berit Brogaard},
	Journal = {The Reasoner},
	Title = {Williamson on Counterpossibles},
	Year = {2007},
	Volume = {1},
	Number = {3}}

@article{Barwise1981-BARSAA-2,
	Author = {Jon Barwise and John Perry},
	Journal = {Journal of Philosophy},
	Number = {11},
	Pages = {668--691},
	Publisher = {MIT Press},
	Title = {Situations and Attitudes},
	Volume = {78},
	Year = {1981}}

@article{Phillips2007-PHIMCA,
	Author = {Ian Phillips},
	Journal = {Analysis},
	Number = {293},
	Pages = {42--49},
	Title = {Morgenbesser Cases and Closet Determinism},
	Volume = {67},
	Year = {2007}}

@article{Cross1990-CROTNA,
	Author = {Charles B. Cross},
	Journal = {Studia Logica},
	Number = {3},
	Pages = {345--363},
	Publisher = {Springer},
	Title = {Temporal Necessity and the Conditional},
	Volume = {49},
	Year = {1990}}

@electronic{petrov,
	Author = {Pavel Aksenov},
	Date-Added = {2015-11-19 06:30:59 +0000},
	Date-Modified = {2015-11-19 06:40:34 +0000},
	Lastchecked = {11/18/2015},
	Publisher = {BBC Russian},
	Title = {Stanislav {P}etrov: The man who may have saved the world},
	Url = {http://www.bbc.com/news/world-europe-24280831},
	Urldate = {09/26/2013},
	Year = {2013},
	Bdsk-Url-1 = {http://www.bbc.com/news/world-europe-24280831}}

@article{Lewis2015-LEWEC,
	Author = {Karen S. Lewis},
	Journal = {No\^u{}s},
	Number = {4},
	Title = {Elusive Counterfactuals},
	Volume = {49},
	Year = {2015}}

@unpublished{HajekManuscript-HJEMCA,
	Author = {Alan H\'a{}jek},
	Title = {Most Counterfactuals Are False},
	Year = {manuscript}}

@book{Darwall1983-DARIR,
	Address = {Ithaca},
	Author = {Stephen L. Darwall},
	Publisher = {Cornell University Press},
	Title = {Impartial Reason},
	Year = {1983}}

@article{Lauer2014-LAUPND,
	Author = {Sven Lauer and Cleo Condoravdi},
	Journal = {Pacific Philosophical Quarterly},
	Number = {4},
	Pages = {584--621},
	Title = {Preference{-}Conditioned Necessities: Detachment and Practical Reasoning},
	Volume = {95},
	Year = {2014}}

@incollection{Collins2004-COLCAC-2,
	Address = {Cambridge, MA},
	Author = {John Collins and Ned Hall and L. A. Paul},
	Booktitle = {Causation and Counterfactuals},
	Editor = {John Collins and Ned Hall and Laurie Paul},
	Pages = {1--57},
	Publisher = {The MIT Press},
	Title = {Counterfactuals and Causation: History, Problems, and Prospects},
	Year = {2004}}

@incollection{fintel:conditionals,
	Author = {{von Fintel}, Kai},
	Booktitle = {Semantics: An international handbook of meaning},
	Editor = {Klaus von Heusinger and Claudia Maienborn and Paul Portner},
	Pages = {1515--1538},
	Publisher = {DeGruyter},
	Title = {Conditionals},
	Year = {2011}}

@article{Berto2013-BERIW,
	Author = {Francesco Berto},
	Journal = {The {Stanford} Encyclopedia of Philosophy},
	Title = {Impossible Worlds},
	Url = {http://plato.stanford.edu/entries/impossible-worlds/},
	Year = {2013},
	Bdsk-Url-1 = {http://plato.stanford.edu/entries/impossible-worlds/}}

@article{Diez2015-DEZCTD,
	Author = {Jos\'e D\'i{}ez},
	Journal = {International Journal of Philosophical Studies},
	Number = {1},
	Pages = {85--110},
	Title = {Counterfactuals, the Discrimination Problem and the Limit Assumption},
	Volume = {23},
	Year = {2015}}

@article{Warmbrod1982-WARADO,
	Author = {Ken Warmbrod},
	Journal = {Philosophical Studies},
	Number = {1},
	Pages = {53--66},
	Publisher = {Springer},
	Title = {A Defense of the Limit Assumption},
	Volume = {42},
	Year = {1982}}

@article{Lewis1973-LEWCAC,
	Author = {David Lewis},
	Journal = {Journal of Philosophical Logic},
	Number = {4},
	Pages = {418--446},
	Publisher = {Springer},
	Title = {Counterfactuals and Comparative Possibility},
	Volume = {2},
	Year = {1973}}

@incollection{Stalnaker1981-STAADO-4,
	Author = {Robert Stalnaker},
	Booktitle = {Ifs},
	Editor = {William Harper and Robert C. Stalnaker and Glenn Pearce},
	Pages = {87--104},
	Publisher = {D. Reidel},
	Title = {A Defense of Conditional Excluded Middle},
	Year = {1981}}

@article{Egan2009-EGABBA,
	Author = {Andy Egan},
	Journal = {Synthese},
	Number = {2},
	Pages = {251--279},
	Publisher = {Springer},
	Title = {Billboards, Bombs and Shotgun Weddings},
	Volume = {166},
	Year = {2009}}

@article{McGee1989-MCGCPA,
	Author = {Vann McGee},
	Journal = {Philosophical Review},
	Number = {4},
	Pages = {485--541},
	Publisher = {Duke University Press},
	Title = {Conditional Probabilities and Compounds of Conditionals},
	Volume = {98},
	Year = {1989}}

@book{Adams1975-ADATLO-4,
	Author = {Ernest W. Adams},
	Publisher = {D. Reidel},
	Title = {The Logic of Conditionals: An Application of Probability to Deductive Logic},
	Year = {1975}}

@article{Woodward2004-WOOCAC,
	Author = {James Woodward},
	Journal = {International Studies in the Philosophy of Science},
	Number = {1},
	Pages = {41--72},
	Publisher = {Taylor \& Francis},
	Title = {Counterfactuals and Causal Explanation},
	Volume = {18},
	Year = {2004}}

@article{Reiss2009-REICTE,
	Author = {Julian Reiss},
	Journal = {Philosophy of Science},
	Number = {5},
	Pages = {712--723},
	Title = {Counterfactuals, Thought Experiments, and Singular Causal Analysis in History},
	Volume = {76},
	Year = {2009}}

@article{Nolan2013-NOLWHA,
	Author = {Daniel Nolan},
	Journal = {Philosophical Studies},
	Number = {2},
	Pages = {317--335},
	Title = {Why Historians (and Everyone Else) Should Care About Counterfactuals},
	Volume = {163},
	Year = {2013}}

@article{sider:pluriverse,
	Author = {Ted Sider},
	Journal = {The Journal of Philosophy},
	Number = {6},
	Pages = {279--315},
	Title = {The Ersatz Pluriverse},
	Volume = {99},
	Year = {2002}}

@article{melia:reducing,
	Author = {Joseph Melia},
	Journal = {Analysis},
	Number = {1},
	Pages = {19--29},
	Title = {Reducing Possibilities to Language},
	Volume = {61},
	Year = {2001}}

@article{Hintikka1975-HINIPW,
	Author = {Jaakko Hintikka},
	Journal = {Journal of Philosophical Logic},
	Number = {4},
	Pages = {475--484},
	Publisher = {Springer},
	Title = {Impossible Possible Worlds Vindicated},
	Volume = {4},
	Year = {1975}}

@book{Yagisawa2010-YAGWAI,
	Author = {Takashi Yagisawa},
	Publisher = {Oxford University Press},
	Title = {Worlds and Individuals, Possible and Otherwise},
	Year = {2010}}

@article{DowellJL2011-DOWAFC-2,
	Author = {Janice J. L. Dowell},
	Journal = {Philosophers' Imprint},
	Number = {14},
	Pages = {1--25},
	Publisher = {Mpublishing},
	Title = {A Flexible Contextualist Account of Epistemic Modals},
	Volume = {11},
	Year = {2011}}

@article{Mckay1977-MCKCWD,
	Author = {Thomas Mckay and Peter Van Inwagen},
	Journal = {Philosophical Studies},
	Number = {5},
	Pages = {353--356},
	Publisher = {Springer},
	Title = {Counterfactuals with Disjunctive Antecedents},
	Volume = {31},
	Year = {1977}}

@article{Pollock1976-POLTPW,
	Author = {John L. Pollock},
	Journal = {Philosophical Studies},
	Number = {6},
	Pages = {469--476},
	Publisher = {Springer},
	Title = {The `Possible Worlds' Analysis of Counterfactuals},
	Volume = {29},
	Year = {1976}}

@article{Williams2008-WILCAC-2,
	Author = {J. Robert G. Williams},
	Journal = {Philosophical Studies},
	Number = {2},
	Pages = {211--223},
	Publisher = {Springer},
	Title = {Conversation and Conditionals},
	Volume = {138},
	Year = {2008}}

@article{Moss2012-MOSOTP,
	Author = {Sarah Moss},
	Journal = {No\^u{}s},
	Number = {3},
	Pages = {561--586},
	Title = {On the Pragmatics of Counterfactuals},
	Volume = {46},
	Year = {2012}}

@incollection{fintel-dynamic,
	Address = {Cambridge, MA},
	Author = {{von Fintel}, Kai},
	Booktitle = {{K}en {H}ale: a Life in Language},
	Editor = {Michael Kentstowicz},
	Publisher = {MIT Press},
	Title = {Counterfactuals in a Dynamic Context},
	Year = {2001}}

@article{Sobel1970-SOBUSA,
	Author = {J. Howard Sobel},
	Journal = {Inquiry},
	Number = {1-4},
	Pages = {394--449},
	Publisher = {Taylor \& Francis},
	Title = {Utilitarianisms: Simple and General},
	Volume = {13},
	Year = {1970}}

@article{Gillies2007-GILCS,
	Author = {Anthony S. Gillies},
	Journal = {Linguistics and Philosophy},
	Number = {3},
	Pages = {329--360},
	Publisher = {Springer},
	Title = {Counterfactual Scorekeeping},
	Volume = {30},
	Year = {2007}}

@article{Brogaard2008-BROCAC,
	Author = {Berit Brogaard and Joe Salerno},
	Journal = {Analysis},
	Number = {297},
	Pages = {39--46},
	Publisher = {Oxford University Press},
	Title = {Counterfactuals and Context},
	Volume = {68},
	Year = {2008}}

@article{Loewer1976-LOECWD,
	Author = {Barry Loewer},
	Journal = {Journal of Philosophy},
	Number = {16},
	Pages = {531--537},
	Publisher = {Journal of Philosophy Inc},
	Title = {Counterfactuals with Disjunctive Antecedents},
	Volume = {73},
	Year = {1976}}

@article{Alonso-Ovalle2009-ALOCCA,
	Author = {Luis Alonso-Ovalle},
	Journal = {Linguistics and Philosophy},
	Number = {2},
	Pages = {207--244},
	Publisher = {Springer},
	Title = {Counterfactuals, Correlatives, and Disjunction},
	Volume = {32},
	Year = {2009}}

@article{Fine1975-FINCN-2,
	Author = {Kit Fine},
	Journal = {Mind},
	Number = {335},
	Pages = {451--458},
	Publisher = {Taylor \& Francis},
	Title = {Critical Notice of {L}ewis, Counterfactuals},
	Volume = {84},
	Year = {1975}}

@article{Nute1975-NUTCAT-2,
	Author = {Donald Nute},
	Journal = {Journal of Philosophy},
	Number = {21},
	Pages = {773--778},
	Publisher = {Journal of Philosophy Inc},
	Title = {Counterfactuals and the Similarity of Words},
	Volume = {72},
	Year = {1975}}

@article{Bjerring2013-BJEOC,
	Author = {Jens Christian Bjerring},
	Journal = {Philosophical Studies},
	Number = {2},
	Pages = {1--27},
	Title = {On Counterpossibles},
	Volume = {168},
	Year = {2013}}

@book{williamson-philofphil,
	Address = {Oxford},
	Author = {Williamson, Timothy},
	Date-Added = {2015-10-29 23:18:44 +0000},
	Date-Modified = {2015-10-29 23:19:39 +0000},
	Publisher = {Blackwell Publishing},
	Title = {The Philosophy of Philosophy},
	Year = {2007}}

@article{BrogaardForthcoming-BROACA-2,
	Author = {Berit Brogaard and Joe Salerno},
	Journal = {The Reasoner},
	Title = {A Counterfactual Account of Essence},
	Year = {2007},
	Volume = {1},
	Number = {4}
	}

@article{Nolan1997-DANIWA,
	Author = {Daniel Nolan},
	Journal = {Notre Dame Journal of Formal Logic},
	Number = {4},
	Pages = {535--572},
	Publisher = {Duke University Press},
	Title = {Impossible Worlds: A Modest Approach},
	Volume = {38},
	Year = {1997}}

@phdthesis{Krakauer2012-KRAC-2,
	Author = {Barak Krakauer},
	School = {University of Massachusetts},
	Title = {Counterpossibles},
	Year = {2012}}

@article{BernsteinForthcoming-BEROI-3,
	Author = {Sara Bernstein},
	Journal = {Philosophical Studies},
	Title = {Omission Impossible},
	Year = {2016},
	Volume = {173},
	Number = {10},
	Pages = {2575--2589}}

@article{Brogaard2013-BROROC-3,
	Author = {Berit Brogaard and Joe Salerno},
	Journal = {Synthese},
	Number = {4},
	Pages = {639--660},
	Title = {Remarks on Counterpossibles},
	Volume = {190},
	Year = {2013}}

@article{Jago2013-JAGRWI,
	Author = {Mark Jago},
	Journal = {Analysis},
	Number = {3},
	Pages = {526--541},
	Title = {Recent Work in Relevant Logic},
	Volume = {73},
	Year = {2013}}

@article{Beall2012-BEAOTT-3,
	Author = {J.C. Beall and Ross Brady and J. Michael Dunn and A. P. Hazen and Edwin Mares and Robert K. Meyer and Graham Priest and Greg Restall and David Ripley and John Slaney and Richard Sylvan},
	Journal = {Journal of Philosophical Logic},
	Number = {3},
	Pages = {595--612},
	Title = {On the Ternary Relation and Conditionality},
	Volume = {41},
	Year = {2012}}

@article{Schulz2011-SCHIYW-2,
	Author = {Katrin Schulz},
	Journal = {Synthese},
	Number = {2},
	Pages = {239--251},
	Publisher = {Springer},
	Title = {`If You'd Wiggled {A}, Then {B} Would've Changed'},
	Volume = {179},
	Year = {2011}}

@article{Briggs2012-BRIIC,
	Author = {R. A. Briggs},
	Journal = {Philosophical Studies},
	Number = {1},
	Pages = {139--166},
	Title = {Interventionist Counterfactuals},
	Volume = {160},
	Year = {2012}}

@article{Huber2013-HUBSEA,
	Author = {Franz Huber},
	Journal = {Review of Symbolic Logic},
	Number = {4},
	Pages = {709--732},
	Publisher = {Cambridge University Press},
	Title = {Structural Equations and Beyond},
	Volume = {6},
	Year = {2013}}

@article{Galles1998-GALAAC,
	Author = {David Galles and Judea Pearl},
	Journal = {Foundations of Science},
	Number = {1},
	Pages = {151--182},
	Publisher = {Springer Netherlands},
	Title = {An Axiomatic Characterization of Causal Counterfactuals},
	Volume = {3},
	Year = {1998}}

@book{pearl-causality,
	Address = {Cambridge},
	Author = {Pearl, Judea},
	Date-Added = {2015-10-29 01:26:33 +0000},
	Date-Modified = {2015-10-29 01:30:29 +0000},
	Edition = {2nd},
	Publisher = {Cambridge University Press},
	Title = {Causality: Models, Reasoning, and Inference},
	Year = {2009}}

@article{slote-counterfactuals,
	Author = {Slote, Michael},
	Date-Added = {2015-10-29 01:17:23 +0000},
	Date-Modified = {2015-10-29 01:18:19 +0000},
	Journal = {The Philosophical Review},
	Number = {1},
	Pages = {3-27},
	Title = {Time in Counterfactuals},
	Volume = {87},
	Year = {1978}}

@incollection{Edgington2004-EDGCAT,
	Author = {Dorothy Edgington},
	Booktitle = {Cause and Chance: Causation in an Indeterministic World},
	Editor = {Phil Dowe and Paul Noordhof},
	Pages = {12--27},
	Publisher = {Routledge},
	Title = {Counterfactuals and the Benefit of Hindsight},
	Year = {2004}}

@article{Thomason1980-THOATO-4,
	Author = {Richmond Thomason and Anil Gupta},
	Journal = {Philosophical Review},
	Number = {1},
	Pages = {65--90},
	Publisher = {Duke University Press},
	Title = {A Theory of Conditionals in the Context of Branching Time},
	Volume = {89},
	Year = {1980}}

@article{Mares1994-MARWWN,
	Author = {Edwin D. Mares},
	Journal = {Topoi},
	Number = {1},
	Pages = {31--36},
	Title = {Why We Need a Relevant Theory of Conditionals},
	Volume = {13},
	Year = {1994}}

@article{Mares1995-MARART-2,
	Author = {Edwin D. Mares and Andr\'e Fuhrmann},
	Journal = {Journal of Philosophical Logic},
	Number = {6},
	Pages = {645--665},
	Publisher = {Springer},
	Title = {A Relevant Theory of Conditionals},
	Volume = {24},
	Year = {1995}}

@electronic{mcgee-trouble,
	Author = {McGee, Vann},
	Date-Added = {2015-10-28 18:14:15 +0000},
	Date-Modified = {2015-11-19 06:39:54 +0000},
	Lastchecked = {10/28/2015},
	Title = {24.241 Logic {I}, Fall 2005},
	Url = {http://ocw.mit.edu/courses/linguistics-and-philosophy/24-241-logic-i-fall-2005/readings/chp14.pdf},
	Year = {2005},
	Bdsk-Url-1 = {http://ocw.mit.edu/courses/linguistics-and-philosophy/24-241-logic-i-fall-2005/readings/chp14.pdf}}

@incollection{routley-meyer-1,
	Author = {Routley, Richard and Meyer, Robert},
	Booktitle = {Truth, Syntax, and Semantics},
	Date-Added = {2015-10-27 23:32:19 +0000},
	Date-Modified = {2015-10-27 23:33:52 +0000},
	Editor = {Leblanc, H.},
	Pages = {194-243},
	Publisher = {North-Holland},
	Title = {The Semantics of Entailment {I}},
	Year = {1973}}

@article{routley-meyer-3,
	Author = {Routley, Richard and Meyer, Robert},
	Date-Added = {2015-10-27 23:31:08 +0000},
	Date-Modified = {2015-10-27 23:31:57 +0000},
	Journal = {Journal of Philosophical Logic},
	Number = {2},
	Pages = {192-208},
	Title = {The Semantics of Entailment {III}},
	Volume = {1},
	Year = {1972}}

@article{routley-meyer-2,
	Author = {Routley, Richard and Meyer, Robert},
	Date-Added = {2015-10-27 23:29:16 +0000},
	Date-Modified = {2015-10-27 23:32:09 +0000},
	Journal = {Journal of Philosophical Logic},
	Number = {1},
	Pages = {53-73},
	Title = {The Semantics of Entailment {II}},
	Volume = {1},
	Year = {1972}}

@article{Starr2014-STAAUT-2,
	Author = {William B. Starr},
	Journal = {Journal of Philosophical Logic},
	Number = {6},
	Pages = {1019--1064},
	Title = {A Uniform Theory of Conditionals},
	Volume = {43},
	Year = {2014}}

@book{appiah-assertion,
	Address = {Cambridge},
	Author = {Appiah, Anthony},
	Date-Added = {2015-10-27 19:45:12 +0000},
	Date-Modified = {2015-10-27 19:45:57 +0000},
	Publisher = {Cambridge University Press},
	Title = {Assertion and Conditionals},
	Year = {1985}}

@article{Edgington2008-EDGI,
	Author = {Dorothy Edgington},
	Journal = {Proceedings of the Aristotelian Society},
	Number = {1},
	Pages = {1--21},
	Title = {Counterfactuals},
	Volume = {108},
	Year = {2008}}

@article{Edgington1986-EDGDCH,
	Author = {Dorothy Edgington},
	Journal = {Cr\'itica},
	Number = {52},
	Pages = {3--30},
	Publisher = {Instituto de Investigaciones Filos\'o{}fica, Unam},
	Title = {Do Conditionals Have Truth-Conditions?},
	Volume = {18},
	Year = {1986}}

@incollection{sep-logic-india,
	Author = {Gillon, Brendan},
	Booktitle = {The {Stanford} Encyclopedia of Philosophy},
	Edition = {Summer 2011},
	Editor = {Edward N. Zalta},
	Title = {Logic in Classical {I}ndian Philosophy},
	Url = {http://plato.stanford.edu/archives/sum2011/entries/logic-india/},
	Year = {2011},
	Bdsk-Url-1 = {http://plato.stanford.edu/archives/sum2011/entries/logic-india/}}

@article{Bobzien2002-BOBTDO-2,
	Author = {Susanne Bobzien},
	Journal = {Phronesis},
	Number = {4},
	Pages = {359-94},
	Publisher = {Brill Academic Publishers},
	Title = {The Development of Modus Ponens in Antiquity: From {A}ristotle to the 2nd Century {AD}},
	Volume = {47},
	Year = {2002}}

@article{adams:tollens,
	Author = {Ernest W. Adams},
	Journal = {Analysis},
	Number = {3},
	Pages = {122-128},
	Title = {Modus Tollens Revisited},
	Volume = {48},
	Year = {1988}}

@incollection{koons-sep,
	Author = {Koons, Robert},
	Booktitle = {The {Stanford} Encyclopedia of Philosophy},
	Edition = {Spring 2014},
	Editor = {Edward N. Zalta},
	Title = {Defeasible Reasoning},
	Url = {http://plato.stanford.edu/entries/reasoning-defeasible/},
	Year = {2014},
	Bdsk-Url-1 = {http://plato.stanford.edu/entries/reasoning-defeasible/}}

@article{stalnaker-indicative,
	Author = {Stalnaker, Robert},
	Journal = {Philosophia},
	Number = {3},
	Pages = {269-86},
	Title = {Indicative Conditionals},
	Volume = {5},
	Year = {1975}}

@incollection{bennett-explanations,
	Address = {Cambridge, MA},
	Author = {Bennett, Jonathan},
	Booktitle = {Fact and Value: Essays on Ethics and Metaphysics for Judith Jarvis Thomson},
	Date-Added = {2015-10-24 00:18:10 +0000},
	Date-Modified = {2015-10-24 00:19:17 +0000},
	Editor = {Byrne, Alex and Stalnaker, Robert and Wedgwood, Ralph},
	Publisher = {MIT Press},
	Title = {Conditionals and Explanations},
	Year = {2001}}

@article{dudman-parsing,
	Author = {Dudman, V.H.},
	Date-Added = {2015-10-24 00:06:12 +0000},
	Date-Modified = {2015-10-24 00:07:05 +0000},
	Journal = {Analysis},
	Number = {4},
	Pages = {145-53},
	Title = {Parsing `If'-Sentences},
	Volume = {44},
	Year = {1984}}

@article{dudman-tense-article,
	Author = {Dudman, V.H.},
	Date-Added = {2015-10-24 00:04:29 +0000},
	Date-Modified = {2015-10-24 00:05:34 +0000},
	Journal = {Australian Journal of Linguistics},
	Number = {1},
	Pages = {25-44},
	Title = {Tense and Time in English Verb Clusters of the Primary Pattern},
	Volume = {3},
	Year = {1983}}

@article{bennett-phlogiston,
	Author = {Bennett, Jonathan},
	Journal = {Mind},
	Number = {388},
	Pages = {509-27},
	Title = {Farewell to the Phlogiston Theory of Conditionals},
	Volume = {97},
	Year = {1988}}

@book{ifs,
	Author = {William Harper and Robert Stalnaker and Glenn Pierce},
	Date-Added = {2015-10-23 19:15:56 +0000},
	Date-Modified = {2015-10-24 01:11:22 +0000},
	Publisher = {D. Reidel},
	Title = {Ifs},
	Year = {1981}}

@article{rothschild-kratzer,
	Author = {Rothschild, Daniel},
	Date-Added = {2015-10-23 18:48:20 +0000},
	Date-Modified = {2015-10-23 19:17:27 +0000},
	Journal = {No{\^u}s},
	Number = {1},
	Pages = {49-68},
	Title = {Do Indicative Conditionals Express Propositions?},
	Volume = {47},
	Year = {2013}}

@incollection{ramsey:test,
	Author = {Frank Ramsey},
	Booktitle = {Foundations},
	Date-Added = {2015-10-23 18:16:58 +0000},
	Date-Modified = {2015-10-23 18:16:58 +0000},
	Editor = {D.H. Mellor},
	Pages = {128-51},
	Publisher = {Routledge},
	Title = {Law and Causality},
	Year = {1978}}

@book{lewis-survey,
	Author = {Lewis, C.I.},
	Date-Added = {2015-10-23 02:40:18 +0000},
	Date-Modified = {2015-10-23 02:40:59 +0000},
	Publisher = {University of California Press},
	Title = {Survey of Symbolic Logic},
	Year = {1918}}

@phdthesis{heim-thesis,
	Author = {Heim, Irene},
	Date-Added = {2015-10-23 01:01:18 +0000},
	Date-Modified = {2015-10-23 01:12:57 +0000},
	School = {University of Massachusetts},
	Title = {The Semantics of Definite and Indefinite Noun Phrases},
	Year = {1982}}

@incollection{kratzer-notional-modality,
	Author = {Kratzer, Angelika},
	Booktitle = {Words, Worlds, and Contexts},
	Date-Added = {2015-10-23 00:46:05 +0000},
	Date-Modified = {2015-10-23 23:24:35 +0000},
	Editor = {Eikmeyer, H.J. and Reiser, H.},
	Publisher = {de Gruyter},
	Reprintedin = {kratzer-2012},
	Reprintedpages = {27-69},
	Title = {The Notional Category of Modality},
	Year = {1981}}

@incollection{kratzer-conditional-necessity,
	Author = {Kratzer, Angelika},
	Booktitle = {Semantics from Different Points of View},
	Date-Added = {2015-10-23 00:37:33 +0000},
	Date-Modified = {2015-10-23 00:44:35 +0000},
	Editor = {B{\"a}urle, R. and Egli, U. and Stechow, A.V.},
	Pages = {117-47},
	Publisher = {Springer},
	Title = {Conditional Necessity and Possibility},
	Year = {1979}}

@incollection{lewis-adverbs,
	Address = {Cambridge},
	Author = {Lewis, David},
	Booktitle = {Semantics of Natural Language},
	Date-Added = {2015-10-23 00:34:53 +0000},
	Date-Modified = {2015-10-23 00:36:18 +0000},
	Editor = {Keenan, E.},
	Pages = {3-15},
	Publisher = {Cambridge University Press},
	Title = {Adverbs of Quantification},
	Year = {1975}}

@book{kratzer-2012,
	Address = {Oxford},
	Author = {Kratzer, Angelika},
	Date-Added = {2015-10-23 00:02:25 +0000},
	Date-Modified = {2015-10-23 00:03:08 +0000},
	Publisher = {{O}xford {U}niversity {P}ress},
	Title = {Modals and Conditionals: New and Revised Perspectives},
	Year = {2012}}

@book{gardenfors-knowledge,
	Address = {Cambridge, MA},
	Author = {G{\"a}rdenfors, Peter},
	Date-Added = {2015-10-22 21:47:40 +0000},
	Date-Modified = {2015-10-23 00:43:49 +0000},
	Publisher = {MIT Press},
	Title = {Knowledge in Flux: Modeling the Dynamics of Epistemic States},
	Year = {1988}}

@article{kryzyzanowska,
	Author = {Krzyzanowska, Karolina},
	Date-Added = {2015-10-22 21:21:27 +0000},
	Date-Modified = {2015-10-22 21:22:26 +0000},
	Journal = {Synthese},
	Number = {1},
	Pages = {21-36},
	Title = {Belief Ascription and the {R}amsey Test},
	Volume = {190},
	Year = {2013}}

@book{lewis-counterfactuals,
	Author = {Lewis, David},
	Date-Added = {2015-10-22 18:48:26 +0000},
	Date-Modified = {2015-10-22 18:51:01 +0000},
	Publisher = {Blackwell Publishing},
	Title = {Counterfactuals},
	Year = {1973}}

@article{kaufmann-grain,
	Author = {Kaufmann, Stefan},
	Date-Added = {2015-10-22 18:43:12 +0000},
	Date-Modified = {2015-10-22 18:43:48 +0000},
	Journal = {Journal of Philosophical Logic},
	Number = {6},
	Pages = {583-606},
	Title = {Conditioning Against the Grain},
	Volume = {33},
	Year = {2004}}

@article{stalnaker:conditionals,
	Author = {Stalnaker, Robert},
	Date-Added = {2015-10-22 18:09:41 +0000},
	Date-Modified = {2015-10-24 01:21:50 +0000},
	Journal = {American Philosophical Quarterly},
	Pages = {98-112},
	Reprintedin = {ifs},
	Reprintedpages = {41-55},
	Title = {A Theory of Conditionals},
	Year = {1968}}

@book{brewka-tweety,
	Address = {Cambridge},
	Author = {Brewka, Gerd},
	Date-Added = {2015-10-20 23:51:49 +0000},
	Date-Modified = {2015-10-20 23:53:19 +0000},
	Publisher = {Cambridge University Press},
	Title = {Nonmonotonic Reasoning: Logical Foundations of Commonsense},
	Year = {1991}}

@article{kolodny-macfarlane,
	Author = {Kolodny, Niko and MacFarlane, John},
	Date-Added = {2015-10-20 23:24:19 +0000},
	Date-Modified = {2015-10-20 23:50:05 +0000},
	Journal = {Journal of Philosophy},
	Number = {3},
	Pages = {115-143},
	Title = {Ifs and Oughts},
	Volume = {107},
	Year = {2010}}

@incollection{ryle-ifsobecause,
	Address = {Ithaca, NY},
	Author = {Ryle, Gilbert},
	Booktitle = {Philosophical Analysis},
	Date-Added = {2015-10-20 23:17:38 +0000},
	Date-Modified = {2015-10-20 23:18:50 +0000},
	Editor = {Black, Max},
	Publisher = {Cornell University Press},
	Title = {`{I}f', `So', and `Because'},
	Year = {1950}}

@incollection{hall-hajek,
	Address = {Cambridge},
	Author = {Hall, Ned and H{\'a}jek, Alan},
	Booktitle = {Probabilities and Conditionals: Belief Revision and Rational Decision},
	Date-Added = {2015-10-15 01:57:22 +0000},
	Date-Modified = {2015-10-15 01:59:08 +0000},
	Pages = {75-110},
	Publisher = {Cambridge University Press},
	Title = {The Hypothesis of the Conditional Construal of Conditional Probability},
	Year = {1994}}

@article{williams-counterfactual-triviality,
	Author = {Williams, J. Robert G.},
	Date-Added = {2015-10-15 01:52:38 +0000},
	Date-Modified = {2015-10-15 01:53:43 +0000},
	Journal = {Philosophy and Phenomenological Research},
	Number = {85},
	Pages = {648-670},
	Title = {Counterfactual Triviality: A {L}ewis-Impossibility Argument for Counterfactuals},
	Volume = {3},
	Year = {2012}}

@article{morgan-mares-nontrivial,
	Author = {Morgan, Charles G. and Mares, Edwin D.},
	Date-Added = {2015-10-15 01:42:43 +0000},
	Date-Modified = {2015-10-15 01:43:48 +0000},
	Journal = {Journal of Philosophical Logic},
	Number = {5},
	Pages = {455-467},
	Title = {Conditionals, Probability, and Non-Triviality},
	Volume = {24},
	Year = {1995}}

@article{douven-verbrugge,
	Author = {Douven, Igor and Verbrugge, Sara},
	Date-Added = {2015-10-15 01:40:08 +0000},
	Date-Modified = {2015-10-15 01:41:23 +0000},
	Journal = {Cognitive Science},
	Number = {4},
	Pages = {711-730},
	Title = {The Probabilities of Conditionals Revisited},
	Volume = {37},
	Year = {2013}}

@article{charlow-trivial,
	Author = {Charlow, Nate},
	Date-Added = {2015-10-15 01:34:09 +0000},
	Date-Modified = {2015-10-15 01:35:33 +0000},
	Journal = {No{\^u}s},
	Number = {3},
	Pages = {1-32},
	Title = {Triviality for Restrictor Conditionals},
	Volume = {49},
	Year = {2015}}

@article{lewis-conditional-i,
	Author = {Lewis, David},
	Date-Added = {2015-10-02 22:47:06 +0000},
	Date-Modified = {2015-10-02 22:48:05 +0000},
	Journal = {The Philosophical Review},
	Number = {3},
	Pages = {297-315},
	Title = {Probabilities of Conditionals and Conditional Probabilities},
	Volume = {85},
	Year = {1976}}

@article{edgington-conditionals,
	Author = {Edgington, Dorothy},
	Date-Added = {2015-10-02 22:11:00 +0000},
	Date-Modified = {2015-10-02 22:11:47 +0000},
	Journal = {Mind},
	Number = {414},
	Pages = {235-329},
	Title = {On Conditionals},
	Volume = {104},
	Year = {1995}}

@book{jackson,
	Address = {Cambridge, MA},
	Author = {Jackson, Frank},
	Date-Added = {2015-10-02 01:01:33 +0000},
	Date-Modified = {2015-10-02 01:02:25 +0000},
	Publisher = {Blackwell Publishing},
	Title = {Conditionals},
	Year = {1987}}

@book{grice-studies,
	Address = {Cambridge, MA},
	Author = {Grice, H.P.},
	Date-Added = {2015-10-02 00:59:53 +0000},
	Date-Modified = {2015-10-02 01:01:13 +0000},
	Publisher = {Harvard University Press},
	Title = {Studies in the Way of Words},
	Year = {1989}}

@article{frankfurt,
	Author = {Frankfurt, Harry},
	Date-Added = {2015-10-01 23:49:09 +0000},
	Date-Modified = {2015-10-01 23:50:00 +0000},
	Journal = {Journal of Philosophy},
	Number = {23},
	Pages = {829-839},
	Title = {Alternate possibilities and moral responsibility},
	Volume = {66},
	Year = {1969}}

@incollection{ayer-freedom,
	Address = {London},
	Author = {Ayer, A.J.},
	Booktitle = {Philosophical Essays},
	Date-Added = {2015-10-01 23:15:03 +0000},
	Date-Modified = {2015-10-01 23:15:57 +0000},
	Publisher = {Macmillan},
	Title = {Freedom and Necessity},
	Year = {1954}}

@book{moore-ethics,
	Address = {London},
	Author = {Moore, G.E.},
	Date-Added = {2015-10-01 22:37:27 +0000},
	Date-Modified = {2015-10-01 22:38:40 +0000},
	Publisher = {Williams and Norgate},
	Title = {Ethics},
	Year = {1912}}

@incollection{gibbard-harper,
	Author = {Gibbard, Allan and Harper, William L.},
	Booktitle = {{I}fs},
	Date-Added = {2015-10-01 21:05:19 +0000},
	Date-Modified = {2015-10-01 21:08:00 +0000},
	Editor = {{W}illiam {H}arper and {R}obert {C}. {S}talnaker and {G}lenn {P}earce},
	Pages = {153-190},
	Publisher = {{R}eidel},
	Title = {Counterfactuals and Two Kinds of Expected Utility},
	Year = {1981}}

@article{bradley-conditionals,
	Author = {Bradley, Richard},
	Date-Added = {2015-10-01 19:55:59 +0000},
	Date-Modified = {2015-10-01 19:57:08 +0000},
	Journal = {Philosophy of Science},
	Number = {3},
	Pages = {S18-S32},
	Title = {Conditionals and the Logic of Decision},
	Volume = {67},
	Year = {2000}}

@article{vinci-decision,
	Author = {Vinci, Thomas C.},
	Date-Added = {2015-10-01 19:13:03 +0000},
	Date-Modified = {2015-10-01 19:14:24 +0000},
	Journal = {Synthese},
	Number = {1},
	Pages = {83-105},
	Title = {Objective chance, indicative conditionals and decision theory; or, how you can be smart, rich and keep on smoking},
	Volume = {75},
	Year = {1988}}

@article{yalcin-tollens,
	Author = {Yalcin, Seth},
	Date-Added = {2015-10-01 00:56:46 +0000},
	Date-Modified = {2015-10-01 00:57:29 +0000},
	Journal = {Journal of Philosophical Logic},
	Number = {6},
	Pages = {1001-1024},
	Title = {A Counterexample to Modus Tollens},
	Volume = {41},
	Year = {2012}}

@article{walton-mp,
	Author = {Walton, Douglas},
	Date-Added = {2015-10-01 00:50:02 +0000},
	Date-Modified = {2015-10-01 00:51:11 +0000},
	Journal = {Informal Logic},
	Number = {1},
	Pages = {19-46},
	Title = {Are Some Modus Ponens Arguments Deductively Invalid?},
	Volume = {22},
	Year = {2001}}

@article{derose-skeptical,
	Author = {DeRose, Keith},
	Date-Added = {2015-09-30 23:45:34 +0000},
	Date-Modified = {2015-09-30 23:46:28 +0000},
	Journal = {The Philosophical Review},
	Number = {1},
	Pages = {1-52},
	Title = {Solving the Skeptical Problem},
	Volume = {104},
	Year = {1995}}

@article{sosa-moore,
	Author = {Sosa, Ernest},
	Date-Added = {2015-09-30 23:09:56 +0000},
	Date-Modified = {2015-09-30 23:11:02 +0000},
	Journal = {Philosophical Perspectives},
	Pages = {141-153},
	Title = {How to Defeat Opposition to {M}oore},
	Volume = {13},
	Year = {1999}}

@book{nozick-knowledge,
	Address = {Cambridge, MA},
	Author = {Nozick, Robert},
	Date-Added = {2015-09-30 22:45:04 +0000},
	Date-Modified = {2015-09-30 22:47:03 +0000},
	Publisher = {Harvard University Press},
	Title = {Philosophical Explanations},
	Year = {1981}}

@incollection{menzies-sep,
	Author = {Menzies, Peter},
	Booktitle = {The {Stanford} Encyclopedia of Philosophy},
	Edition = {Spring 2014},
	Editor = {Edward N. Zalta},
	Title = {Counterfactual Theories of Causation},
	Url = {http://plato.stanford.edu/archives/spr2014/entries/causation-counterfactual/},
	Year = {2014},
	Bdsk-Url-1 = {http://plato.stanford.edu/archives/spr2014/entries/causation-counterfactual/}}

@article{adams:subjunctive,
	Author = {Adams, Ernest W.},
	Journal = {Foundations of Language},
	Number = {1},
	Owner = {rachaelbriggs},
	Pages = {89-94},
	Title = {Subjunctive and Indicative Conditionals},
	Volume = {6},
	Year = {1970}}

@article{mcgee:mp,
	Author = {McGee, Vann},
	Date-Added = {2015-09-29 23:12:16 +0000},
	Date-Modified = {2015-09-29 23:12:16 +0000},
	File = {:/Users/rachelbriggs/Documents/Articles/mcgee-mp.pdf:PDF},
	Journal = {The Journal of Philosophy},
	Number = {9},
	Pages = {462-471},
	Publisher = {Journal of Philosophy, Inc.},
	Title = {A Counterexample to Modus Ponens},
	Volume = {82},
	Year = {1985}}

@article{choi-simple-reformed,
	Author = {Choi, Sungho},
	Date-Added = {2015-09-29 22:50:34 +0000},
	Date-Modified = {2015-09-29 22:51:50 +0000},
	Journal = {Synthese},
	Number = {2},
	Pages = {369-379},
	Title = {The Simple Vs. Reformed Conditional Analysis of Dispositions},
	Volume = {148},
	Year = {2006}}

@article{lewis-finkish,
	Author = {Lewis, David},
	Date-Added = {2015-09-29 22:48:10 +0000},
	Date-Modified = {2015-09-29 22:48:57 +0000},
	Journal = {The Philosophical Quarterly},
	Pages = {143-158},
	Title = {Finkish Dispositions},
	Volume = {47},
	Year = {1997}}

@article{martin-dispositions,
	Author = {Martin, C.B.},
	Date-Added = {2015-09-29 22:35:56 +0000},
	Date-Modified = {2015-09-29 22:36:33 +0000},
	Journal = {The Philosophical Quarterly},
	Pages = {1-8},
	Title = {Dispositions and Conditionals},
	Volume = {44},
	Year = {1994}}

@article{prior-pargetter-jackson,
	Author = {Prior, Elizabeth W. and Pargetter, Robert and Jackson, Frank},
	Date-Added = {2015-09-29 22:31:11 +0000},
	Date-Modified = {2015-09-29 22:32:15 +0000},
	Journal = {American Philosophical Quarterly},
	Number = {3},
	Pages = {251-257},
	Title = {Three Theses About Dispositions},
	Volume = {19},
	Year = {1982}}

@article{choi-conditional-dispositions,
	Author = {Choi, Sungho},
	Date-Added = {2015-09-29 22:14:58 +0000},
	Date-Modified = {2015-09-29 22:16:26 +0000},
	Journal = {Philosophy and Phenomenological Research},
	Number = {3},
	Pages = {568-590},
	Title = {The Conditional Analysis of Dispositions and the Intrinsic Dispositions Thesis},
	Volume = {78},
	Year = {2009}}

@book{walton-mimesis,
	Author = {Walton, Kendall},
	Date-Added = {2015-09-29 22:08:59 +0000},
	Date-Modified = {2015-09-29 22:10:15 +0000},
	Publisher = {Harvard University Press},
	Title = {Mimesis as Make-Believe: On the foundations of the representational arts},
	Year = {1990}}

@article{lillard-pretend,
	Author = {Lillard, Angeline},
	Date-Added = {2015-09-29 22:06:59 +0000},
	Date-Modified = {2015-09-29 22:07:55 +0000},
	Journal = {Developmental Review},
	Number = {4},
	Pages = {495-531},
	Title = {Pretend Play as Twin Earth: A Social-Cognitive Analysis},
	Volume = {21},
	Year = {2001}}

@book{harris-imagination,
	Author = {Harris, Paul},
	Date-Added = {2015-09-29 22:04:34 +0000},
	Date-Modified = {2015-09-29 22:05:53 +0000},
	Publisher = {Blackwell Publishing},
	Title = {The work of the imagination: understanding children's worlds},
	Year = {2000}}

@book{gopnik-phil-baby,
	Author = {Gopnik, Alison},
	Date-Added = {2015-09-29 21:39:45 +0000},
	Date-Modified = {2015-09-29 21:40:27 +0000},
	Publisher = {Random House},
	Title = {The philosophical baby: What children's minds tell us about truth, love, and the meaning of life},
	Year = {2009}}

@article{dias-harris,
	Author = {Dias, M.G. and Harris, P.L.},
	Date-Added = {2015-09-29 21:37:14 +0000},
	Date-Modified = {2015-09-29 21:39:42 +0000},
	Journal = {Developmental Psychology},
	Number = {4},
	Pages = {305-318},
	Title = {The influence of the imagination on reasoning by young children},
	Volume = {8},
	Year = {1990}}

@incollection{amsel-smalley,
	Author = {Amsel, Eric and Smalley, David},
	Booktitle = {Children's Reasoning and the Mind},
	Date-Added = {2015-09-29 21:27:20 +0000},
	Date-Modified = {2015-09-29 21:33:10 +0000},
	Editor = {Mitchell, Peter and Riggs, Kevin},
	Pages = {121-147},
	Publisher = {Psychology Press Ltd},
	Title = {Beyond really and truly: Children's counterfactual thinking about pretend possible worlds},
	Year = {2000}}

@book{Bennett2003-BENAPG,
	Author = {Jonathan Bennett},
	Pages = {116--119},
	Publisher = {{O}xford {U}niversity {P}ress},
	Title = {{A} {P}hilosophical {G}uide to {C}onditionals},
	Year = {2003}}

@article{weisberg-gopnik,
	Author = {Weisberg, Deena and Gopnik, Alison},
	Date-Added = {2015-09-29 21:01:47 +0000},
	Date-Modified = {2015-09-29 21:05:57 +0000},
	Journal = {Cognitive Science},
	Number = {7},
	Pages = {1368-1381},
	Title = {Pretense, Counterfactuals, and Bayesian Causal Models: Why What Is Not Real Really Matters},
	Volume = {37},
	Year = {2013}}

@incollection{Gibbard1981-GIBTRT,
	Author = {Allan Gibbard},
	Booktitle = {{I}fs},
	Editor = {{W}illiam {H}arper and {R}obert {C}. {S}talnaker and {G}lenn {P}earce},
	Pages = {211--247},
	Publisher = {{R}eidel},
	Title = {{T}wo {R}ecent {T}heories of {C}onditionals},
	Year = {1981}}

@article{Cantwell2013-CANCIC,
	Author = {John Cantwell},
	Journal = {{S}ynthese},
	Number = {4},
	Pages = {661--679},
	Title = {{C}onditionals in {C}ausal {D}ecision {T}heory},
	Volume = {190},
	Year = {2013}}
