%% This BibTeX bibliography file was created using BibDesk.
%% http://bibdesk.sourceforge.net/

%% Created for Michael Caie at 2016-02-16 15:07:34 -0500 


%% Saved with string encoding Unicode (UTF-8) 



@incollection{Huber1,
	Author = {Franz Huber},
	Booktitle = {The Open Handbook of Formal Epistemology},
	Date-Added = {2016-02-16 20:02:36 +0000},
	Date-Modified = {2016-02-16 20:04:29 +0000},
	Editor = {Richard Pettigrew and Jonathan Weisberg},
	Title = {Ranking Theory},
	Year = {2016}}

@incollection{Shoemaker2,
	Author = {Sydney Shoemaker},
	Booktitle = {The First-Person Perspecive and Other Essays},
	Date-Added = {2014-10-30 17:14:00 +0000},
	Date-Modified = {2014-10-30 17:14:44 +0000},
	Pages = {74-96},
	Publisher = {Cambridge University Press},
	Title = {Moore's Paradox and Self-Knowledge},
	Year = {1996}}

@incollection{Shoemaker1,
	Author = {Sydney Shoemaker},
	Booktitle = {The First-Person Perspecive and Other Essays},
	Date-Added = {2014-10-30 17:12:54 +0000},
	Date-Modified = {2014-10-30 17:13:57 +0000},
	Pages = {25-49},
	Publisher = {Cambridge University Press},
	Title = {On Knowing One's Own Mind},
	Year = {1996}}

@incollection{Moore1,
	Author = {George Edward Moore},
	Booktitle = {The Philosophy of G.E. Moore},
	Date-Added = {2014-10-29 17:18:48 +0000},
	Date-Modified = {2014-10-29 17:21:27 +0000},
	Editor = {P. Schilpp},
	Pages = {535-677},
	Publisher = {Northwester University},
	Series = {The Libraray of Living Philosophers},
	Title = {A Reply to My Critics},
	Volume = {4},
	Year = {1942}}

@article{Conee1,
	Author = {Earl Conee},
	Date-Added = {2014-10-28 18:47:36 +0000},
	Date-Modified = {2014-10-28 18:47:36 +0000},
	Journal = {Australasian Journal of Philosophy},
	Pages = {316-326},
	Title = {Evident, But Rationally Unacceptable},
	Volume = {65},
	Year = {1987}}

@book{Sorensen1,
	Author = {Roy Sorensen},
	Date-Added = {2014-10-28 18:47:29 +0000},
	Date-Modified = {2014-10-28 18:47:29 +0000},
	Publisher = {Oxford University Press},
	Title = {Blindspots},
	Year = {1988}}

@phdthesis{Caie4,
	Author = {Michael Caie},
	Date-Added = {2014-10-28 18:47:17 +0000},
	Date-Modified = {2014-10-28 18:47:17 +0000},
	School = {University of California, Berkeley},
	Title = {Paradox and Belief},
	Year = {2011}}

@article{Caie2,
	Author = {Michael Caie},
	Date-Added = {2014-10-28 18:47:10 +0000},
	Date-Modified = {2014-10-28 18:47:10 +0000},
	Journal = {The Philosophical Review},
	Number = {1},
	Pages = {1-54},
	Title = {Belief and Indeterminacy},
	Volume = {121},
	Year = {2012}}

@article{Burge2,
	Author = {Tyler Burge},
	Date-Added = {2014-10-28 18:47:02 +0000},
	Date-Modified = {2014-10-28 18:47:02 +0000},
	Journal = {Philosophical Studies},
	Pages = {21-35},
	Title = {Buridan and Epistemic Paradox},
	Volume = {34},
	Year = {1978}}

@article{Burge1,
	Author = {Tyler Burge},
	Date-Added = {2014-10-28 18:46:57 +0000},
	Date-Modified = {2014-10-28 18:46:57 +0000},
	Journal = {Journal of Philosophy},
	Number = {1},
	Pages = {5-29},
	Title = {Epistemic Paradox},
	Volume = {81},
	Year = {1984}}

@inproceedings{HollidayIcard1,
	Author = {Wesley H. Holliday and Thomas F. Icard},
	Booktitle = {Advances in Modal Logic},
	Date-Added = {2014-10-28 17:24:31 +0000},
	Date-Modified = {2014-10-28 17:26:27 +0000},
	Editor = {L. Beklemishev and V. Goranko and V. Shehtman},
	Pages = {178-199},
	Title = {Moorean Phenomena in Epistemic Logic},
	Volume = {8},
	Year = {2010}}

@article{Baltagsmets3,
	Author = {Alexandru Baltag and Sonja Smets},
	Date-Added = {2014-10-23 20:13:51 +0000},
	Date-Modified = {2014-10-23 20:15:17 +0000},
	Journal = {Proceedings of LOFT},
	Pages = {11-24},
	Title = {Dynamic Belief Revision Over Multi-Agent Plausibility Models},
	Volume = {6},
	Year = {2006}}

@article{Baltagsmets2,
	Author = {Alexandru Beltag and Sonja Smets},
	Date-Added = {2014-10-23 20:12:01 +0000},
	Date-Modified = {2014-10-23 20:13:27 +0000},
	Journal = {Logic and the Foundations of Game and Decision Theory},
	Pages = {9-58},
	Title = {A Qualitative Theory of Dynamic Interactive Belief Revision},
	Volume = {3},
	Year = {2008}}

@unpublished{Girard1,
	Author = {Patrick Girard and Hans Rott},
	Date-Added = {2014-10-23 20:02:05 +0000},
	Date-Modified = {2014-10-28 18:53:56 +0000},
	Note = {(ms.)},
	Title = {Belief Revision and Dynamic Logic},
	Year = {2014}}

@article{Ditmarsch2,
	Author = {Hans van Ditmarsche},
	Date-Added = {2014-10-23 20:00:20 +0000},
	Date-Modified = {2014-10-23 20:01:50 +0000},
	Journal = {Synthese},
	Pages = {229-275},
	Title = {Prolegomena to Dynamic Logic for Belief Revision},
	Volume = {147},
	Year = {2005}}

@inproceedings{BaltagMoss1,
	Author = {Alexandru Baltag and Lawrence Moss and Slawomir Solecki},
	Booktitle = {Proceedings of the 7th Conference on Theoretical Aspects of Rationality and Knowledge},
	Date-Added = {2014-10-23 19:57:06 +0000},
	Date-Modified = {2014-10-23 19:59:47 +0000},
	Pages = {43-56},
	Publisher = {Morgan Kaufmann Publishers},
	Title = {The Logic of Piblic Announcements, Common Knowledge and Private Suspicions},
	Year = {1998}}

@book{vanBentham2,
	Author = {Johan van Bentham},
	Date-Added = {2014-10-23 19:56:15 +0000},
	Date-Modified = {2014-10-23 19:57:02 +0000},
	Publisher = {Cambridge University Press},
	Title = {Logical Dynamics of Information and Interaction},
	Year = {2011}}

@book{Ditmarsch1,
	Author = {Hans van Ditmarsche and Wiebe van der Hoek and Barteld Kooi},
	Date-Added = {2014-10-23 19:50:24 +0000},
	Date-Modified = {2014-10-23 19:51:26 +0000},
	Publisher = {Springer},
	Title = {Dynamic Epistemic Logic},
	Year = {2008}}

@incollection{Rott1,
	Author = {Hans Rott},
	Booktitle = {Modality Matters},
	Date-Added = {2014-10-23 19:44:26 +0000},
	Date-Modified = {2014-10-23 19:46:45 +0000},
	Editor = {H. Lagerlund and S. Lindstrom and R. Sliwinski},
	Pages = {359-385},
	Publisher = {Uppsala Philosophical Studies},
	Title = {Shifting Priorities: Simple Representations of Twenty-Seven Iterated Theory Change Operations},
	Volume = {53},
	Year = {2006}}

@article{Segerberg2,
	Author = {Krister Segerberg},
	Date-Added = {2014-10-23 19:41:53 +0000},
	Date-Modified = {2014-10-23 19:43:39 +0000},
	Journal = {Notre Dame Journal of Formal Logic},
	Pages = {287-306},
	Title = {Irrevocable Belief Revision in Dynamic Doxastic Logic},
	Volume = {39},
	Year = {1998}}

@incollection{Segerberg1,
	Author = {Krister Segerberg},
	Booktitle = {Frontiers in Belief Revision},
	Date-Added = {2014-10-23 19:40:09 +0000},
	Date-Modified = {2014-10-23 19:43:53 +0000},
	Editor = {M.A. Williams and H. Rott},
	Pages = {57-84},
	Publisher = {Dordrecht: Kluwer},
	Title = {The Basic Dynamic Doxastic Logic of AGM},
	Year = {2001}}

@article{LeitgebSegerberg1,
	Author = {Hannes Leitgeb and Krister Segerberg},
	Date-Added = {2014-10-23 19:36:43 +0000},
	Date-Modified = {2014-10-23 19:37:52 +0000},
	Journal = {Synthese},
	Pages = {167-190},
	Title = {Dynamic Doxastic Logic: Why, How and Where To?},
	Volume = {155},
	Year = {2007}}

@article{Baltagsmets1,
	Author = {Alexandru Baltag and Sonja Smets},
	Date-Added = {2014-10-23 19:34:43 +0000},
	Date-Modified = {2014-10-23 19:57:36 +0000},
	Journal = {Electronic Notes in Theoretical Computer Science},
	Pages = {5-21},
	Title = {Conditional Doxastic Models: A Qualitative Approach to Dynamic Belief Revision},
	Volume = {165},
	Year = {2006}}

@article{vanBentham,
	Author = {Johan van Bentham},
	Date-Added = {2014-10-22 21:20:04 +0000},
	Date-Modified = {2014-10-22 21:23:23 +0000},
	Journal = {Journal of Applied Non-Classical Logics},
	Number = {2},
	Pages = {129-155},
	Title = {Dynamic Logic for Belief Revision},
	Volume = {17},
	Year = {2007}}

@article{Lewis8,
	Author = {David Lewis},
	Date-Added = {2014-10-21 21:58:32 +0000},
	Date-Modified = {2014-10-21 22:00:22 +0000},
	Journal = {Theoria},
	Number = {1},
	Pages = {74-85},
	Title = {Completeness and Decidability of Three Logics of Counterfactual Conditionals},
	Volume = {37},
	Year = {1971}}

@article{Aumann2,
	Author = {Robert Aumann},
	Date-Added = {2014-10-13 16:50:34 +0000},
	Date-Modified = {2014-10-13 16:51:21 +0000},
	Journal = {The Annals of Statistics},
	Pages = {1236-1239},
	Title = {Agreeing to Disagree},
	Year = {1976}}

@article{Aumann1,
	Author = {Robert Aumann},
	Date-Added = {2014-10-13 16:47:29 +0000},
	Date-Modified = {2014-10-13 16:49:28 +0000},
	Journal = {Econometrica: Journal of the Econometric Society},
	Pages = {1-18},
	Title = {Correlated Equilibrium as an Expression of Bayesian Rationality},
	Year = {1987}}

@book{Lewis7,
	Author = {David Lewis},
	Date-Added = {2014-10-13 16:45:27 +0000},
	Date-Modified = {2014-10-13 16:55:28 +0000},
	Publisher = {Cambridge University Press},
	Title = {Convention},
	Year = {1969}}

@book{Halpern3,
	Author = {Joseph Halpern and Yoram Moses and Moshe Vardi},
	Date-Added = {2014-10-12 18:14:50 +0000},
	Date-Modified = {2014-10-12 18:24:52 +0000},
	Publisher = {MIT Press},
	Title = {Reasoning About Knowledge},
	Year = {1995}}

@article{Fagin,
	Author = {Ronald Fagin and Joseph Halpern and Moshe Vardi},
	Date-Added = {2014-10-12 18:12:47 +0000},
	Date-Modified = {2014-10-12 18:14:33 +0000},
	Journal = {Journal of ACM},
	Number = {2},
	Pages = {382-428},
	Title = {A Model-Theoretic Analysis fo Knolwedge},
	Volume = {38},
	Year = {1991}}

@inproceedings{Halpern2,
	Author = {Joseph Halpern and Yoram Moses},
	Booktitle = {Proceedings of the 3rd ACM Confernece on Principles of Distributed Computing},
	Date-Added = {2014-10-12 18:08:27 +0000},
	Date-Modified = {2014-10-12 18:10:06 +0000},
	Pages = {50-61},
	Title = {Knowledge and Common Knowledge in a Distributed Environment},
	Year = {1984}}

@article{Halpern1,
	Author = {Joseph Halpern and Yoram Moses},
	Date-Added = {2014-10-12 18:04:45 +0000},
	Date-Modified = {2014-10-12 18:07:04 +0000},
	Journal = {Artificial Intelligence},
	Number = {319-379},
	Title = {A Guide to Completeness and Complexity for Modal Logics of Knowledge and Belief},
	Volume = {54},
	Year = {1992}}

@book{Chellas,
	Author = {Brian Chellas},
	Date-Added = {2014-10-12 16:34:37 +0000},
	Date-Modified = {2014-10-12 16:35:33 +0000},
	Publisher = {Cambridge University Press},
	Title = {Modal Logic: An Introduction},
	Year = {1980}}

@book{HughesCresswell,
	Author = {George Edward Hughes and Maxwell John Cresswell},
	Date-Added = {2014-10-12 16:32:31 +0000},
	Date-Modified = {2014-10-12 16:34:17 +0000},
	Publisher = {Psychology Press},
	Title = {A New Introduction to Modal Logic},
	Year = {1996}}

@article{Lismont,
	Author = {Luc Lismont and Philippe Mongin},
	Date-Added = {2014-10-11 19:32:23 +0000},
	Date-Modified = {2014-10-11 19:36:07 +0000},
	Journal = {Theory and Decision},
	Pages = {75-106},
	Title = {On the Logic of Common Belief and Common Knowledge},
	Volume = {37},
	Year = {1994}}

@inproceedings{Barwise1,
	Author = {Jon Barwise},
	Booktitle = {Proceedings of the 2nd Conference on Theoretical Aspects of Reasoning about Knowledge},
	Date-Added = {2014-10-11 19:22:34 +0000},
	Date-Modified = {2014-10-11 19:25:05 +0000},
	Organization = {Morgan Kaufmann Publishers Inc.},
	Pages = {365-379},
	Title = {Three Views of Common Knowledge},
	Year = {1988}}

@article{Colombetti,
	Author = {Marco Colombetti},
	Date-Added = {2014-10-10 22:02:40 +0000},
	Date-Modified = {2014-10-10 22:03:35 +0000},
	Journal = {Artificial Intelligence},
	Number = {341-353},
	Title = {Formal Semantics for Mutual Belief},
	Volume = {63},
	Year = {1993}}

@article{Bonanno,
	Author = {Giacomo Bonanno and Klaus Nehring},
	Date-Added = {2014-10-10 22:00:42 +0000},
	Date-Modified = {2014-10-10 22:02:14 +0000},
	Journal = {Mathematical Logic Quarterly},
	Number = {1},
	Pages = {49-52},
	Title = {Common Belief with the Logic of Individual Belief},
	Volume = {46},
	Year = {2000}}

@incollection{Lewis6,
	Author = {David Lewis},
	Booktitle = {Papers in Philosophical Logic},
	Date-Added = {2014-10-09 19:23:08 +0000},
	Date-Modified = {2014-10-09 19:23:08 +0000},
	Publisher = {Cambridge University Press},
	Title = {Logic for Equivocators},
	Year = {2000}}

@book{Williamson4,
	Author = {Timothy Williamson},
	Date-Added = {2014-10-09 19:00:08 +0000},
	Date-Modified = {2014-10-09 19:00:08 +0000},
	Publisher = {Oxford University Press},
	Title = {Knowledge and it's Limits},
	Year = {2000}}

@book{Blackburn,
	Author = {Patrick Blackburn and Maarten de Rijke and Yde Venema},
	Date-Added = {2014-10-08 18:27:54 +0000},
	Date-Modified = {2014-10-08 18:33:02 +0000},
	Publisher = {Cambridge University Press},
	Title = {Modal Logic},
	Year = {2001}}

@incollection{Lewis5,
	Author = {David Lewis},
	Booktitle = {Papers on Metaphysics and Epistemology},
	Date-Added = {2014-10-08 17:45:20 +0000},
	Date-Modified = {2014-10-08 17:45:20 +0000},
	Publisher = {Cambridge University Press},
	Title = {Reduction of Mind},
	Year = {1999}}

@article{Lewis4,
	Author = {David Lewis},
	Date-Added = {2014-10-08 17:45:11 +0000},
	Date-Modified = {2014-10-08 17:45:11 +0000},
	Journal = {Synthese},
	Pages = {331-44},
	Title = {Radical Interpretation},
	Volume = {23},
	Year = {1974}}

@book{Stalnaker2,
	Author = {Robert Stalnaker},
	Date-Added = {2014-10-08 17:43:01 +0000},
	Date-Modified = {2014-10-08 17:43:51 +0000},
	Publisher = {MIT Press},
	Title = {Inquiry},
	Year = {1984}}

@book{Hintikka1,
	Author = {Jaakko Hintikka},
	Date-Added = {2014-10-07 14:55:21 +0000},
	Date-Modified = {2014-10-07 14:57:01 +0000},
	Publisher = {Cornell University Press},
	Title = {Knowledge and Belief: An Introduction to the Logic of the Two Notions},
	Year = {1962}}

@article{Levi2,
	Author = {Isaac Levi},
	Date-Added = {2014-09-20 18:43:06 +0000},
	Date-Modified = {2014-09-20 18:44:07 +0000},
	Journal = {Synthese},
	Pages = {49-81},
	Title = {Iteration of Conditionals and the Ramsey Test},
	Volume = {76},
	Year = {1988}}

@article{Stalnaker1,
	Author = {Robert Stalnaker},
	Date-Added = {2014-09-18 19:02:05 +0000},
	Date-Modified = {2014-09-18 19:03:29 +0000},
	Journal = {Erkenntnis},
	Number = {2},
	Pages = {189-209},
	Title = {Iterated Belief Revision},
	Volume = {70},
	Year = {2009}}

@article{Boutilier1,
	Author = {Craig Boutilier},
	Date-Added = {2014-09-18 19:00:38 +0000},
	Date-Modified = {2014-09-18 19:02:00 +0000},
	Journal = {Journal of Philosophical Logic},
	Pages = {262-305},
	Title = {Iterated Revision and Minimal Revision of Conditional Beliefs},
	Volume = {25},
	Year = {1996}}

@article{DarwichePearle,
	Author = {Adnan Darwiche and Judea Pearl},
	Date-Added = {2014-09-18 18:58:48 +0000},
	Date-Modified = {2014-09-18 19:00:34 +0000},
	Journal = {Artificial Intelligence},
	Pages = {1-29},
	Title = {On the Logic of Iterated Belief Revision},
	Volume = {89},
	Year = {1997}}

@book{Lewis1,
	Address = {Cambridge, MA},
	Author = {David Lewis},
	Date-Added = {2014-09-01 18:25:27 +0000},
	Date-Modified = {2014-09-01 18:26:29 +0000},
	Publisher = {Harvard University Press},
	Title = {Counterfactuals},
	Year = {1973}}

@article{Levi1,
	Author = {Isaac Levi},
	Date-Added = {2014-09-01 18:24:04 +0000},
	Date-Modified = {2014-09-01 18:25:20 +0000},
	Journal = {Synthese},
	Pages = {423-455},
	Title = {Subjunctives, Dispositions and Chances},
	Volume = {34},
	Year = {1977}}

@article{Harper1,
	Author = {William Harper},
	Date-Added = {2014-09-01 18:22:37 +0000},
	Date-Modified = {2014-09-01 18:24:01 +0000},
	Journal = {PSA},
	Pages = {462-494},
	Title = {Rational Conceptual Change},
	Volume = {2},
	Year = {1976}}

@article{Grove1,
	Author = {Adam Grove},
	Date-Added = {2014-09-01 18:19:51 +0000},
	Date-Modified = {2014-09-01 18:20:46 +0000},
	Journal = {Journal of Philosophical Logic},
	Pages = {157-170},
	Title = {Two Modellings for Theory Change},
	Volume = {17},
	Year = {1988}}

@inproceedings{GardenforsMakinson1,
	Address = {San Francisco},
	Author = {Peter G\"{a}rdenfors and David Makinson},
	Booktitle = {Proceedings of the 2nd Conference on Theoretical Aspects of Reasoning about Knowledge},
	Date-Added = {2014-09-01 18:17:14 +0000},
	Date-Modified = {2014-09-01 18:19:40 +0000},
	Pages = {83-95},
	Publisher = {Morgan Kaufmann},
	Title = {Revisions of Knowledge Systems Using Epistemic Entrenchment},
	Year = {1988}}

@book{Gardenfors1,
	Author = {Peter G\"{a}rdenfors},
	Date-Added = {2014-09-01 18:16:09 +0000},
	Date-Modified = {2014-09-01 18:17:01 +0000},
	Publisher = {MIT Press},
	Title = {Knowledge in Flux: Modeling the Dynamics of Epistemic States},
	Year = {1988}}

@article{AGM,
	Author = {Carlos E Alchourr\'{o}n and Peter G\"{a}rdenfors and David Makinson},
	Date-Added = {2014-09-01 18:12:51 +0000},
	Date-Modified = {2014-09-01 18:16:00 +0000},
	Journal = {Journal of Symbolic Logic},
	Pages = {510-530},
	Title = {On the Logic of Theory Change: Partial Meet Contraction and Revision Functions},
	Volume = {50},
	Year = {1985}}
