%% This BibTeX bibliography file was created using BibDesk.
%% http://bibdesk.sourceforge.net/

%% Created for Kenneth Easwaran at 2019-04-26 15:05:33 -0500 


%% Saved with string encoding Unicode (UTF-8) 



@article{independence,
	Author = {H\'{a}jek, Alan and Fitelson, Branden},
	Date-Added = {2019-04-26 15:04:59 -0500},
	Date-Modified = {2019-04-26 15:05:33 -0500},
	Journal = {Synthese},
	Number = {10},
	Pages = {3979-3995},
	Title = {Declarations of Independence},
	Volume = {194},
	Year = {2017}}

@article{baconsupertask,
	Author = {Bacon, Andrew},
	Date-Added = {2019-02-06 02:01:17 +0000},
	Date-Modified = {2019-02-06 02:01:47 +0000},
	Journal = {Philosophical Studies},
	Number = {2},
	Pages = {307-311},
	Title = {A paradox for supertask decision makers},
	Volume = {153},
	Year = {2011}}

@techreport{fdt,
	Author = {Yudkowsky, Eliezer and Soares, Nate},
	Date-Added = {2018-09-03 21:52:22 -0500},
	Date-Modified = {2018-09-03 21:53:04 -0500},
	Institution = {Machine Intelligence Research Institute},
	Title = {Functional decision theory: a new theory of instrumental rationality},
	Year = {2018}}

@incollection{successdt,
	Author = {Greene, Preston},
	Booktitle = {Newcomb's Problem},
	Date-Added = {2018-09-03 21:51:34 -0500},
	Date-Modified = {2018-09-03 21:52:03 -0500},
	Publisher = {Cambridge University Press},
	Title = {Success-first decision theories},
	Year = {2019}}

@article{langdilemma,
	Author = {Lang, Gerald},
	Date-Added = {2018-09-04 00:59:34 +0000},
	Date-Modified = {2018-09-04 01:00:26 +0000},
	Journal = {Philosophy, Politics, and Economics},
	Number = {2},
	Pages = {221-239},
	Title = {A dilemma for objective act-utilitarianism},
	Volume = {3},
	Year = {2004}}

@article{streumer,
	Author = {Streumer, Bart},
	Date-Added = {2018-09-04 00:58:59 +0000},
	Date-Modified = {2018-09-04 00:59:27 +0000},
	Journal = {Utilitas},
	Pages = {237-247},
	Title = {Can consequentialism cover everything?},
	Volume = {15},
	Year = {2003}}

@incollection{kaganevaluative,
	Author = {Kagan, Shelley},
	Booktitle = {Morality, Rules, and Consequences},
	Date-Added = {2018-09-04 00:57:36 +0000},
	Date-Modified = {2018-09-04 00:58:42 +0000},
	Editor = {Hooker, Brad and Mason, Elinor and Miller, Dale},
	Publisher = {Edinburgh University Press},
	Title = {Evaluative focal points},
	Year = {2000}}

@incollection{pettitsmith,
	Author = {Pettit, Philip and Smith, Michael},
	Booktitle = {Morality, Rules, and Consequences},
	Date-Added = {2018-09-04 00:56:40 +0000},
	Date-Modified = {2018-09-04 00:57:29 +0000},
	Editor = {Hooker, Brad and Mason, Elinor and Miller, Dale},
	Publisher = {Edinburgh University Press},
	Title = {Global Consequentialism},
	Year = {2000}}

@incollection{driverglobal,
	Author = {Driver, Julia},
	Booktitle = {The Cambridge Companion to Utilitarianism},
	Date-Added = {2018-09-04 00:54:37 +0000},
	Date-Modified = {2018-09-04 00:56:22 +0000},
	Editor = {Eggleston, Ben and Miller, Dale},
	Publisher = {Cambridge University Press},
	Title = {Global Utilitarianism},
	Year = {2014}}

@article{berkerrejection,
	Author = {Berker, Selim},
	Date-Added = {2018-05-08 14:23:56 +0000},
	Date-Modified = {2018-05-08 14:24:19 +0000},
	Journal = {Philosophical Issues},
	Pages = {363-387},
	Title = {The Rejection of Epistemic Consequentialism},
	Volume = {23},
	Year = {2013}}

@article{mosscompromise,
	Author = {Moss, Sarah},
	Date-Added = {2018-05-08 14:22:40 +0000},
	Date-Modified = {2018-05-08 14:23:03 +0000},
	Journal = {Mind},
	Number = {480},
	Pages = {1053-1069},
	Title = {Scoring rules and epistemic compromise},
	Volume = {120},
	Year = {2011}}

@book{smallurban,
	Author = {Whyte, William H.},
	Date-Added = {2018-05-02 00:37:40 +0000},
	Date-Modified = {2018-05-02 00:38:24 +0000},
	Publisher = {Project for Public Spaces},
	Title = {The Social Life of Small Urban Spaces},
	Year = {1980}}

@article{tollefsen,
	Author = {Tollefsen, Deborah},
	Date-Added = {2018-05-01 23:19:29 +0000},
	Date-Modified = {2018-05-01 23:20:01 +0000},
	Journal = {Internet Encyclopedia of Philosophy},
	Title = {Collective Intentionality},
	Year = {2002}}

@incollection{searlecollective,
	Author = {Searle, John},
	Booktitle = {Intentions in Communication},
	Date-Added = {2018-05-01 23:15:16 +0000},
	Date-Modified = {2018-05-01 23:16:43 +0000},
	Editor = {Cohen, Philip and Morgan, Jerry and Pollack, Martha},
	Pages = {401-415},
	Publisher = {MIT Press},
	Title = {Collective Intentions and Actions},
	Year = {1990}}

@article{evnineunities,
	Author = {Evnine, Simon},
	Date-Added = {2018-05-01 23:02:53 +0000},
	Date-Modified = {2018-05-01 23:03:46 +0000},
	Journal = {Erkenntnis},
	Pages = {365-388},
	Title = {Epistemic Unities},
	Volume = {59},
	Year = {2003}}

@article{evninemultitudes,
	Author = {Evnine, Simon},
	Date-Added = {2018-05-01 23:01:48 +0000},
	Date-Modified = {2018-05-01 23:02:45 +0000},
	Journal = {Episteme},
	Pages = {57-64},
	Title = {Containing Multitudes: Reflection, expertise, and persons as groups},
	Year = {2005}}

@book{disabled,
	Author = {Goldsmith, Selwyn},
	Date-Added = {2018-05-01 22:50:39 +0000},
	Date-Modified = {2018-05-01 22:51:17 +0000},
	Publisher = {Royal Institute of British Architects},
	Title = {Designing for the Disabled: A Manual of Technical Information},
	Year = {1963}}

@book{universal,
	Author = {Goldsmith, Selwyn},
	Date-Added = {2018-05-01 22:50:11 +0000},
	Date-Modified = {2018-05-01 22:50:36 +0000},
	Publisher = {Architectural Press},
	Title = {Universal Design: A Manual of Practical Guidance for Architects},
	Year = {2000}}

@article{walkerfreedom,
	Author = {Walker, Jarrett},
	Date-Added = {2018-05-01 22:43:58 +0000},
	Date-Modified = {2018-05-01 22:44:32 +0000},
	Journal = {Journal of Public Transportation},
	Number = {1},
	Pages = {119-127},
	Title = {To Predict with Confidence, Plan for Freedom},
	Volume = {21},
	Year = {2018}}

@book{humantransit,
	Author = {Walker, Jarrett},
	Date-Added = {2018-05-01 22:43:01 +0000},
	Date-Modified = {2018-05-01 22:43:32 +0000},
	Publisher = {Island Press},
	Title = {Human Transit},
	Year = {2011}}

@article{orthogonality,
	Author = {Bostrom, Nick},
	Date-Added = {2018-05-01 22:34:26 +0000},
	Date-Modified = {2018-05-01 22:34:56 +0000},
	Journal = {Minds and Machines},
	Title = {The Superintelligent Will: Motivation and Instrumental Rationality in Advanced Artificial Agents},
	Year = {2012}}

@inproceedings{omobasic,
	Author = {Omohundro, Stephen},
	Booktitle = {Proceedings of the First AGI Conference},
	Date-Added = {2018-05-01 22:08:40 +0000},
	Date-Modified = {2018-05-01 22:10:08 +0000},
	Editor = {Wang, P. and Goertzel, B. and Franklin, S.},
	Series = {Frontiers in Artificial Intelligence and Applications},
	Title = {The Basic {AI} Drives},
	Volume = {171},
	Year = {2008}}

@unpublished{omoimprove,
	Author = {Omohundro, Stephen},
	Date-Added = {2018-05-01 22:06:36 +0000},
	Date-Modified = {2018-05-01 22:08:37 +0000},
	Note = {unpublished},
	Title = {The Nature of Self-Improving Artificial Intelligence},
	Year = {2008}}

@article{hilliness,
	Author = {Pierce, Joseph and Kolden, Crystal},
	Date-Added = {2018-05-01 22:00:25 +0000},
	Date-Modified = {2018-05-01 22:01:12 +0000},
	Journal = {Geographical Review},
	Number = {4},
	Pages = {581-600},
	Title = {The Hilliness of {U.S.} Cities},
	Volume = {105},
	Year = {2015}}

@article{kantdinner,
	Author = {Cohen, Alix},
	Date-Added = {2018-05-01 21:51:20 +0000},
	Date-Modified = {2018-05-01 21:52:10 +0000},
	Journal = {History of Philosophy Quarterly},
	Number = {4},
	Pages = {315-336},
	Title = {The ultimate {K}antian experience: {K}ant on dinner parties},
	Volume = {25},
	Year = {2008}}

@book{transformative,
	Author = {Paul, L.A.},
	Date-Added = {2018-05-01 21:34:50 +0000},
	Date-Modified = {2018-05-01 21:35:35 +0000},
	Publisher = {Oxford University Press},
	Title = {Transformative Experience},
	Year = {2014}}

@article{thirdcar,
	Author = {Aron, Hillel},
	Date-Added = {2018-05-01 20:40:07 +0000},
	Date-Modified = {2018-05-01 22:53:46 +0000},
	Journal = {LA Weekly},
	Month = {September},
	Title = {A Guide to {L.A.} Etiquette in 6 Public Spaces},
	Year = {2017}}

@article{walkingtogether,
	Author = {Gilbert, Margaret},
	Date-Added = {2018-04-29 13:43:05 +0000},
	Date-Modified = {2018-04-29 13:43:47 +0000},
	Journal = {Midwest Studies in Philosophy},
	Number = {1},
	Pages = {1-14},
	Title = {Walking together: a paradigmatic social phenomenon},
	Volume = {15},
	Year = {1990}}

@article{descnorms,
	Author = {Muldoon, Ryan and Lisciandra, Chiara and Bicchieri, Cristina and Hartmann, Stephan and Sprenger, Jan},
	Date-Added = {2018-04-29 13:41:09 +0000},
	Date-Modified = {2018-04-29 13:42:33 +0000},
	Journal = {Politics, Philosophy \& Economics},
	Number = {1},
	Pages = {3-22},
	Title = {On the emergence of descriptive norms},
	Volume = {13},
	Year = {2013}}

@article{citynottree,
	Author = {Alexander, Christopher},
	Date-Added = {2018-04-25 21:43:28 +0000},
	Date-Modified = {2018-04-25 21:44:39 +0000},
	Journal = {Architectural Forum},
	Number = {1},
	Pages = {58-62},
	Title = {A City is not a Tree},
	Volume = {122},
	Year = {1965}}

@article{laleft,
	Author = {Sharon Bernstein},
	Date-Added = {2018-04-13 01:21:50 +0000},
	Date-Modified = {2018-05-01 22:54:42 +0000},
	Journal = {The Los Angeles Times},
	Title = {Turning Left on Red is Part of Driving Culture},
	Year = {2003}}

@article{ruleconseq,
	Author = {Hooker, Brad},
	Date-Added = {2018-03-24 18:08:10 +0000},
	Date-Modified = {2018-03-24 18:08:26 +0000},
	Journal = {Stanford Encyclopedia of Philosophy},
	Title = {Rule Consequentialism},
	Year = {2015}}

@article{virtueepist,
	Author = {Turri, John and Alfano, Mark and Greco, John},
	Date-Added = {2018-03-24 18:06:37 +0000},
	Date-Modified = {2018-03-24 18:07:34 +0000},
	Journal = {Stanford Encyclopedia of Philosophy},
	Title = {Virtue Epistemology},
	Year = {2017}}

@article{zollmanstructure,
	Author = {Zollman, Kevin},
	Date-Added = {2018-03-10 17:46:42 +0000},
	Date-Modified = {2018-03-10 17:47:08 +0000},
	Journal = {Philosophy of Science},
	Number = {5},
	Pages = {574-587},
	Title = {The communication structure of epistemic communities},
	Volume = {74},
	Year = {2007}}

@article{kopecdutch,
	Author = {Kopec, Matthew},
	Date-Added = {2018-03-10 17:44:48 +0000},
	Date-Modified = {2018-03-10 17:45:42 +0000},
	Journal = {Ratio},
	Number = {2},
	Pages = {122-136},
	Title = {A New Group Dutch Book Argument},
	Volume = {30},
	Year = {2015}}

@article{aincha,
	Author = {Lewis, David},
	Date-Added = {2018-03-09 00:22:44 +0000},
	Date-Modified = {2018-03-24 18:03:03 +0000},
	Journal = {No\^{u}s},
	Number = {3},
	Pages = {377-380},
	Title = {Why ain'cha rich?},
	Volume = {15},
	Year = {1981}}

@article{independencethesis,
	Author = {Mayo-Wilson, Conor and Zollman, Kevin and Danks, David},
	Date-Added = {2018-03-08 04:36:26 +0000},
	Date-Modified = {2018-03-08 04:37:22 +0000},
	Journal = {Philosophy of Science},
	Number = {4},
	Pages = {652-677},
	Title = {The Independence Thesis: When Individual and Social Epistemology Diverge},
	Volume = {78},
	Year = {2011}}

@article{kitcherdivision,
	Author = {Kitcher, Philip},
	Date-Added = {2018-03-08 04:35:01 +0000},
	Date-Modified = {2018-03-08 04:35:25 +0000},
	Journal = {The Journal of Philosophy},
	Number = {1},
	Pages = {5-22},
	Title = {The Division of Cognitive Labor},
	Volume = {87},
	Year = {1990}}

@article{measincoherence,
	Author = {Schervish, Mark J. and Seidenfeld, Teddy and Kadane, Joseph B.},
	Date-Added = {2018-03-08 04:12:58 +0000},
	Date-Modified = {2018-03-08 04:13:45 +0000},
	Journal = {Sankhy\={a}: The Indian Journal of Statistics, Series A},
	Number = {3},
	Pages = {561-587},
	Title = {Measuring Incoherence},
	Volume = {64},
	Year = {2002}}

@unpublished{briggspett,
	Author = {Briggs, R.A. and Pettigrew, Richard},
	Date-Added = {2018-03-07 17:14:34 +0000},
	Date-Modified = {2018-03-07 17:17:28 +0000},
	Note = {unpublished},
	Title = {An Accuracy-Dominance Argument for Conditionalization},
	Year = {2016}}

@article{measuringincoherence,
	Author = {Staffel, Julia},
	Date-Added = {2018-03-07 16:10:12 +0000},
	Date-Modified = {2018-03-07 16:11:09 +0000},
	Journal = {Synthese},
	Number = {5},
	Pages = {1467-1493},
	Title = {Measuring the Overall Incoherence of Credence Functions},
	Volume = {192},
	Year = {2015}}

@article{gradedaccuracy,
	Author = {Staffel, Julia and de Bona, Glauber},
	Date-Added = {2018-03-07 16:08:48 +0000},
	Date-Modified = {2018-03-07 16:09:49 +0000},
	Journal = {Philosophy of Science},
	Number = {2},
	Pages = {189-213},
	Title = {Graded Incoherence for Accuracy-Firsters},
	Volume = {84},
	Year = {2016}}

@article{gilliesintersubjective,
	Author = {Gillies, Donald},
	Date-Added = {2018-03-07 16:01:33 +0000},
	Date-Modified = {2018-03-07 16:02:05 +0000},
	Journal = {British Journal for the Philosophy of Science},
	Pages = {513-533},
	Title = {Intersubjective Probability and Confirmation Theory},
	Volume = {42},
	Year = {1991}}

@article{hieronymiresponsibility,
	Author = {Hieronymi, Pamela},
	Date-Added = {2018-02-17 19:32:45 +0000},
	Date-Modified = {2018-02-17 19:33:08 +0000},
	Journal = {Synthese},
	Number = {3},
	Pages = {357-373},
	Title = {Responsibility for believing},
	Volume = {161},
	Year = {2008}}

@article{controlling,
	Author = {Hieronymi, Pamela},
	Date-Added = {2018-02-17 19:31:32 +0000},
	Date-Modified = {2018-02-17 19:31:52 +0000},
	Journal = {Pacific Philosophical Quarterly},
	Number = {1},
	Pages = {45-74},
	Title = {Controlling attitudes},
	Volume = {87},
	Year = {2006}}

@article{eberschein,
	Author = {Eberhart, Frederick and Scheines, Richard},
	Date-Added = {2018-02-15 16:15:24 +0000},
	Date-Modified = {2018-02-15 16:16:14 +0000},
	Journal = {Philosophy of Science},
	Number = {5},
	Pages = {981-995},
	Title = {Interventions and Causal Inference},
	Volume = {74},
	Year = {2007}}

@article{cartwrighteffective,
	Author = {Cartwright, Nancy},
	Date-Added = {2018-02-11 19:05:10 +0000},
	Date-Modified = {2018-02-11 19:05:59 +0000},
	Journal = {No\^{u}s},
	Number = {4},
	Pages = {419-437},
	Title = {Causal Laws and Effective Strategies},
	Volume = {13},
	Year = {1979}}

@techreport{TDT,
	Author = {Yudkowsky, Eliezer},
	Date-Added = {2018-02-10 20:25:11 +0000},
	Date-Modified = {2018-02-10 20:25:11 +0000},
	Institution = {The Singularity Institute},
	Title = {Timeless Decision Theory},
	Year = {2010}}

@article{jeffreydefended,
	Author = {Jeffrey, Richard},
	Date-Added = {2018-02-10 20:21:14 +0000},
	Date-Modified = {2018-02-10 20:21:36 +0000},
	Journal = {Synthese},
	Number = {3},
	Pages = {473-492},
	Title = {The Logic of Decision Defended},
	Volume = {48},
	Year = {1981}}

@article{priceagainstcausal,
	Author = {Price, Huw},
	Date-Added = {2018-02-10 20:09:07 +0000},
	Date-Modified = {2018-02-10 20:09:34 +0000},
	Journal = {Synthese},
	Pages = {195-212},
	Title = {Against Causal Decision Theory},
	Volume = {67},
	Year = {1986}}

@book{eellscausality,
	Author = {Eells, Ellery},
	Date-Added = {2018-02-10 19:57:45 +0000},
	Date-Modified = {2018-02-10 19:58:26 +0000},
	Publisher = {Cambridge University Press},
	Title = {Rational Decision and Causality},
	Year = {1982}}

@incollection{newcomb,
	Author = {Nozick, Robert},
	Booktitle = {Essays in Honor of Carl G.\ Hempel},
	Date-Added = {2017-12-27 00:34:59 +0000},
	Date-Modified = {2017-12-27 00:36:05 +0000},
	Pages = {114-146},
	Publisher = {Springer},
	Title = {Newcomb's {P}roblem and Two Principles of Choice},
	Year = {1969}}

@article{leviindeterminacy,
	Author = {Levi, Isaac},
	Date-Added = {2017-02-25 19:48:18 +0000},
	Date-Modified = {2017-02-25 19:49:00 +0000},
	Journal = {Philosophy of Science},
	Pages = {390-409},
	Title = {Imprecision and Indeterminacy in Probability Judgment},
	Volume = {52},
	Year = {1985}}

@article{mullerlyer,
	Author = {Howe, Catherine and Purves, Dale},
	Date-Added = {2017-02-25 18:58:03 +0000},
	Date-Modified = {2017-02-25 19:04:38 +0000},
	Journal = {Proceedings of the National Academy of Sciences},
	Number = {4},
	Pages = {1234-1239},
	Title = {The {M}\"{u}ller-{L}yer illusion explained by the statistics of image-source relationships},
	Volume = {102},
	Year = {2004}}

@book{fastslow,
	Author = {Kahneman, Daniel},
	Date-Added = {2017-02-25 18:03:04 +0000},
	Date-Modified = {2017-02-25 18:03:28 +0000},
	Publisher = {Farrar, Straus and Giroux},
	Title = {Thinking, Fast and Slow},
	Year = {2011}}

@incollection{probconcepts,
	Author = {Goodman, Noah and Tenenbaum, Joshua and Gerstenberg, Tobias},
	Booktitle = {The Conceptual Mind: New Directions in the Study of Concepts},
	Date-Added = {2017-02-25 17:22:33 +0000},
	Date-Modified = {2017-02-25 17:24:45 +0000},
	Editor = {Margolis, Eric and Laurence, Stephen},
	Publisher = {MIT Press},
	Title = {Concepts in a probabilistic language of thought},
	Year = {2015}}

@incollection{goodweight,
	Author = {Good, I. J.},
	Booktitle = {Bayesian Statistics 2},
	Date-Added = {2017-02-24 23:11:58 +0000},
	Date-Modified = {2017-02-24 23:13:58 +0000},
	Editor = {Bernardo, J.M. and DeGroot, M.H. and Lindley, D.V. and SMith, A.F.M.},
	Pages = {249-270},
	Publisher = {Elsevier},
	Title = {Weight of Evidence: a Brief Survey},
	Year = {1985}}

@unpublished{vassendgoals,
	Author = {Vassend, Olav},
	Date-Added = {2017-02-24 21:56:05 +0000},
	Date-Modified = {2017-02-24 21:56:38 +0000},
	Note = {unpublished},
	Title = {Goals and the Informativeness of Prior Probabilities},
	Year = {ms}}

@article{vassendmeassens,
	Author = {Vassend, Olav},
	Date-Added = {2017-02-24 21:49:18 +0000},
	Date-Modified = {2017-02-24 21:49:50 +0000},
	Journal = {Philosophy of Science},
	Number = {5},
	Pages = {892-904},
	Title = {Confirmation Measures and Sensitivity},
	Volume = {82},
	Year = {2015}}

@article{lungsmoking,
	Author = {Brennan, Paul and Crispo, Anna and Zaridze, David and Szeszenia-Dabrowska, Neonila and Rudnai, Peter and Lissowska, Jolanta and Fabi\'{a}nov\'{a}, Eleon\'{o}ra and Mates, Dana and Bencko, Vladimir and Foretova, Lenka and Janout, Vladimir and Fletcher, Tony and Boffetta, Paolo},
	Date-Added = {2017-02-24 21:30:58 +0000},
	Date-Modified = {2017-02-24 21:32:32 +0000},
	Journal = {American Journal of Epidemiology},
	Number = {12},
	Pages = {1233-1241},
	Title = {High Cumulative Risk of Lung Cancer Death among Smokers and Nonsmokers in Central and Eastern Europe},
	Volume = {164},
	Year = {2006}}

@article{cardiosmoking,
	Author = {Lloyd-Jones, Donald and Leip, Eric and Larson, Martin and D'Agostino, Ralph and Beiser, Alexa and Wilson, Peter and Wolf, Philip and Levy, Daniel},
	Date-Added = {2017-02-24 21:25:16 +0000},
	Date-Modified = {2017-02-24 21:26:52 +0000},
	Journal = {Circulation},
	Number = {6},
	Pages = {791-798},
	Title = {Prediction of Lifetime Risk for Cardiovascular Disease by Risk Factor Burden at 50 Years of Age},
	Volume = {113},
	Year = {2006}}

@book{thermo,
	Author = {Nash, Leonard},
	Date-Added = {2017-02-19 20:17:06 +0000},
	Date-Modified = {2017-02-19 20:17:28 +0000},
	Publisher = {Addison-Wesley},
	Title = {Elements of Statistical Thermodynamics},
	Year = {1974}}

@article{ioannidis,
	Author = {Ioannidis, John},
	Date-Added = {2017-02-17 22:25:46 +0000},
	Date-Modified = {2017-02-17 22:26:59 +0000},
	Journal = {PLoS Medicine},
	Number = {8},
	Pages = {0696-0701},
	Title = {Why Most Published Research Findings are False},
	Volume = {2},
	Year = {2005}}

@article{meaning,
	Author = {Putnam, Hilary},
	Date-Added = {2017-02-17 17:03:43 +0000},
	Date-Modified = {2017-02-17 17:04:50 +0000},
	Journal = {Minnesota Studies in the Philosophy of Science},
	Pages = {131-193},
	Title = {The Meaning of `Meaning'},
	Volume = {7},
	Year = {1975}}

@book{sciimage,
	Author = {van Fraassen, Bas},
	Date-Added = {2017-02-17 15:27:33 +0000},
	Date-Modified = {2017-02-17 15:27:50 +0000},
	Publisher = {Clarendon Press},
	Title = {The Scientific Image},
	Year = {1980}}

@incollection{sellars,
	Author = {Sellars, Wilfrid},
	Booktitle = {Minnesota Studies in the Philosophy of Science, Volume I: The Foundations of Science and the Concepts of Psychology and Psychoanalysis},
	Date-Added = {2017-02-17 15:03:46 +0000},
	Date-Modified = {2017-02-17 15:06:09 +0000},
	Editor = {Feigl, Herbert and Scriven, Michael},
	Pages = {253-329},
	Publisher = {University of Minnesota Press},
	Title = {Empiricism and the Philosophy of Mind},
	Year = {1956}}

@book{patchurchland,
	Author = {Churchland, Patricia},
	Date-Added = {2017-02-17 15:02:13 +0000},
	Date-Modified = {2017-02-17 15:02:55 +0000},
	Publisher = {MIT Press},
	Title = {Neurophilosophy: Toward a Unified Science of the Mind/Brain},
	Year = {1986}}

@article{paulchurchland,
	Author = {Churchland, Paul},
	Date-Added = {2017-02-17 15:01:29 +0000},
	Date-Modified = {2017-02-17 15:02:11 +0000},
	Journal = {Journal of Philosophy},
	Pages = {67-90},
	Title = {Eliminative Materialism and the Propositional Attitudes},
	Volume = {78},
	Year = {1981}}

@article{eliminative,
	Author = {Ramsey, William},
	Date-Added = {2017-02-17 14:39:53 +0000},
	Date-Modified = {2017-02-17 14:40:30 +0000},
	Journal = {Stanford Encyclopedia of Philosophy},
	Title = {Eliminative Materialism},
	Year = {2013}}

@article{chillingout,
	Author = {Schoenfield, Miriam},
	Date-Added = {2017-01-12 17:57:05 +0000},
	Date-Modified = {2017-01-12 17:57:46 +0000},
	Journal = {Philosophical Studies},
	Number = {2},
	Pages = {197-219},
	Title = {Chilling out on epistemic rationality: A defense of imprecise credences (and other imprecise doxastic attitudes)},
	Volume = {158},
	Year = {2012}}

@unpublished{avoidingriskevidence,
	Author = {Campbell-Moore, Catrin and Salow, Bernhard},
	Date-Added = {2016-09-23 22:57:00 +0000},
	Date-Modified = {2016-09-23 23:11:29 +0000},
	Note = {unpublished},
	Title = {Avoiding Risk and Avoiding Evidence},
	Year = {ms}}

@article{skyrmsdynamic,
	Author = {Skyrms, Brian},
	Date-Added = {2016-09-23 22:55:36 +0000},
	Date-Modified = {2016-09-23 22:55:59 +0000},
	Journal = {Philosophy of Science},
	Pages = {1-20},
	Title = {Dynamic coherence and probability kinematics},
	Volume = {54},
	Year = {1987}}

@article{horowitzguess,
	Author = {Horowitz, Sophie},
	Date-Added = {2016-09-23 22:42:38 +0000},
	Date-Modified = {2016-09-23 22:42:56 +0000},
	Journal = {Oxford Studies in Epistemology},
	Title = {Accuracy and Educated Guesses},
	Year = {2016}}

@article{kaplanimprobable,
	Author = {Kaplan, Mark},
	Date-Added = {2016-09-23 21:30:24 +0000},
	Date-Modified = {2016-09-23 21:30:51 +0000},
	Journal = {Philosophical Studies},
	Number = {1},
	Pages = {117-146},
	Title = {Believing the improbable},
	Volume = {77},
	Year = {1995}}

@book{maherbetting,
	Author = {Patrick Maher},
	Date-Added = {2016-09-23 21:19:36 +0000},
	Date-Modified = {2016-09-23 21:19:50 +0000},
	Publisher = {Cambridge University Press},
	Title = {Betting on Theories},
	Year = {2008}}

@article{reidernormfunct,
	Author = {Reider, Patrick},
	Date-Added = {2016-09-23 20:48:07 +0000},
	Date-Modified = {2016-09-23 20:48:35 +0000},
	Journal = {Social Epistemology Review and Reply Collective},
	Number = {1},
	Pages = {16-28},
	Title = {Normative functionalism in the {P}ittsburgh {S}chool},
	Volume = {2},
	Year = {2012}}

@article{chaunceynormfunct,
	Author = {Maher, Chauncey},
	Date-Added = {2016-09-23 20:47:16 +0000},
	Date-Modified = {2016-09-23 20:47:46 +0000},
	Journal = {Social Epistemology Review and Reply Collective},
	Number = {1},
	Pages = {13-15},
	Title = {Normative Functionalism},
	Volume = {2},
	Year = {2012}}

@article{neanderteleo,
	Author = {Neander, Karen},
	Date-Added = {2016-09-23 20:35:19 +0000},
	Date-Modified = {2016-09-23 20:35:58 +0000},
	Journal = {Australasian Journal of Philosophy},
	Number = {4},
	Pages = {454-468},
	Title = {The teleological notion of `function'},
	Volume = {69},
	Year = {1991}}

@article{millikanfunction,
	Author = {Millikan, Ruth Garrett},
	Date-Added = {2016-09-23 20:34:38 +0000},
	Date-Modified = {2016-09-23 20:35:15 +0000},
	Journal = {Philosophy of Science},
	Number = {2},
	Pages = {288-302},
	Title = {In defense of proper functions},
	Volume = {56},
	Year = {1989}}

@incollection{schiffercontent,
	Author = {Schiffer, Stephen},
	Booktitle = {Meaning and Understanding},
	Date-Added = {2016-09-23 19:58:29 +0000},
	Date-Modified = {2016-09-23 20:00:27 +0000},
	Editor = {Parrot, Herman and Bouveresse, Jacques},
	Pages = {204-222},
	Publisher = {Walter de Gruyter},
	Title = {Truth and the theory of content},
	Year = {1981}}

@article{jenkinsentitlement,
	Author = {Jenkins, C.S.},
	Date-Added = {2016-09-23 19:40:44 +0000},
	Date-Modified = {2016-09-24 17:31:23 +0000},
	Journal = {Synthese},
	Pages = {25-45},
	Title = {Entitlement and rationality},
	Volume = {157},
	Year = {2007}}

@article{firthmerit,
	Author = {Firth, Roderick},
	Date-Added = {2016-09-23 19:38:11 +0000},
	Date-Modified = {2016-09-23 19:39:10 +0000},
	Journal = {Proceedings and Addresses of the {A}merican {P}hilosophical {A}ssociation},
	Number = {1},
	Pages = {5-23},
	Title = {Epistemic merit, intrinsic and instrumental},
	Volume = {55},
	Year = {1981}}

@book{craigknowledge,
	Author = {Craig, Edward},
	Date-Added = {2016-09-23 19:06:49 +0000},
	Date-Modified = {2016-09-23 19:07:27 +0000},
	Publisher = {Oxford University Press},
	Title = {Knowledge and the state of nature: {A}n essay in conceptual synthesis},
	Year = {1991}}

@article{levivalue,
	Author = {Levi, Isaac},
	Date-Added = {2016-09-23 19:01:08 +0000},
	Date-Modified = {2016-09-23 19:01:30 +0000},
	Journal = {The Journal of Philosophy},
	Number = {11},
	Pages = {345-357},
	Title = {Must the scientist make value judgments?},
	Volume = {57},
	Year = {1960}}

@article{jeffreyvaluation,
	Author = {Jeffrey, Richard},
	Date-Added = {2016-09-23 18:59:07 +0000},
	Date-Modified = {2016-09-23 18:59:35 +0000},
	Journal = {Philosophy of Science},
	Number = {3},
	Pages = {237-246},
	Title = {Valuation and acceptance of scientific hypotheses},
	Volume = {23},
	Year = {1956}}

@article{wedgwoodoutright,
	Author = {Wedgwood, Ralph},
	Date-Added = {2016-09-23 18:26:57 +0000},
	Date-Modified = {2016-09-23 18:27:37 +0000},
	Journal = {Dialectica},
	Number = {3},
	Pages = {309-329},
	Title = {Outright belief},
	Volume = {66},
	Year = {2012}}

@article{buchaknorms,
	Author = {Buchak, Lara},
	Date-Added = {2016-09-23 18:24:27 +0000},
	Date-Modified = {2016-09-23 18:25:03 +0000},
	Journal = {Philosophical Studies},
	Number = {2},
	Pages = {285-311},
	Title = {Belief, credence, and norms},
	Volume = {169},
	Year = {2014}}

@article{pettigrewplural,
	Author = {Pettigrew, Richard},
	Date-Added = {2016-09-23 18:18:18 +0000},
	Date-Modified = {2016-09-23 18:19:04 +0000},
	Journal = {Proceedings of the Aristotelian Society},
	Pages = {187-204},
	Title = {Pluralism about belief states},
	Volume = {89},
	Year = {2015}}

@article{mosstimeslice,
	Author = {Moss, Sarah},
	Date-Added = {2016-07-28 00:12:38 +0000},
	Date-Modified = {2016-07-28 00:13:16 +0000},
	Journal = {Oxford Studies in Epistemology},
	Title = {Time-slice epistemology and action under indeterminacy},
	Year = {2015}}

@book{reasonswithoutpersons,
	Author = {Hedden, Brian},
	Date-Added = {2016-07-28 00:11:27 +0000},
	Date-Modified = {2016-07-28 00:12:01 +0000},
	Publisher = {Oxford University Press},
	Title = {Reasons without Persons},
	Year = {2015}}

@article{bellacreda,
	Author = {Sturgeon, Scott},
	Date-Added = {2016-07-27 23:07:47 +0000},
	Date-Modified = {2016-07-27 23:08:16 +0000},
	Journal = {Philosophers' Imprint},
	Number = {31},
	Pages = {1-9},
	Title = {The Tale of {B}ella and {C}reda},
	Volume = {15},
	Year = {2015}}

@book{mossbook,
	Author = {Moss, Sarah},
	Date-Added = {2016-07-27 23:06:39 +0000},
	Date-Modified = {2016-07-27 23:07:16 +0000},
	Publisher = {Oxford University Press},
	Title = {Probabilistic Knowledge},
	Year = {2017}}

@article{ryanconsistent,
	Author = {Ryan, Sharon},
	Date-Added = {2016-07-01 19:54:28 +0000},
	Date-Modified = {2016-07-01 19:55:07 +0000},
	Journal = {Synthese},
	Pages = {121-141},
	Title = {The epistemic virtues of consistency},
	Volume = {109},
	Year = {1996}}

@article{levinsteinpettigrew,
	Author = {Levinstein, Benjamin},
	Date-Added = {2016-07-01 18:47:44 +0000},
	Date-Modified = {2016-07-01 18:48:29 +0000},
	Journal = {Philosophy of Science},
	Number = {3},
	Pages = {413-424},
	Title = {{L}eitgeb and {P}ettigrew on accuracy and updating},
	Volume = {79},
	Year = {2012}}

@article{good,
	Author = {Good, I. J.},
	Date-Added = {2016-07-01 18:02:25 +0000},
	Date-Modified = {2016-07-01 18:02:50 +0000},
	Journal = {British Journal for the Philosophy of Science},
	Number = {4},
	Pages = {319-321},
	Title = {On the principle of total evidence},
	Volume = {17},
	Year = {1967}}

@article{belnaptonk,
	Author = {Belnap, Nuel},
	Date-Added = {2016-07-01 17:00:18 +0000},
	Date-Modified = {2016-11-01 16:00:00 +0000},
	Journal = {Analysis},
	Number = {6},
	Pages = {130-134},
	Title = {Tonk, Plonk, and Plink},
	Volume = {22},
	Year = {1961}}

@article{runabout,
	Author = {Prior, Arthur},
	Date-Added = {2016-07-01 16:58:36 +0000},
	Date-Modified = {2016-07-01 16:59:00 +0000},
	Journal = {Analysis},
	Number = {2},
	Pages = {38-39},
	Title = {The Runabout Inference-Ticket},
	Volume = {21},
	Year = {1960}}

@book{sosavirtue,
	Author = {Ernest Sosa},
	Date-Added = {2016-06-30 23:04:57 +0000},
	Date-Modified = {2016-06-30 23:05:25 +0000},
	Publisher = {Oxford University Press},
	Title = {A Virtue Epistemology: Apt Belief and Reflective Knowledge},
	Year = {2007}}

@article{nagelprag,
	Author = {Nagel, Jennifer},
	Date-Added = {2016-06-30 21:46:56 +0000},
	Date-Modified = {2016-06-30 21:47:23 +0000},
	Journal = {Australasian Journal of Philosophy},
	Number = {2},
	Pages = {279-294},
	Title = {Knowledge ascriptions and the psychological consequences of changing stakes},
	Volume = {86},
	Year = {2008}}

@article{EPJ,
	Author = {Fantl, Jeremy and McGrath, Matthew},
	Date-Added = {2016-06-30 21:36:07 +0000},
	Date-Modified = {2016-06-30 21:36:47 +0000},
	Journal = {Philosophical Review},
	Number = {1},
	Pages = {67-94},
	Title = {Evidence, Pragmatics, and Justification},
	Volume = {111},
	Year = {2002}}

@incollection{misrepresentation,
	Author = {Dretske, Fred},
	Booktitle = {Belief: {F}orm, Content, and Function},
	Date-Added = {2016-06-30 21:11:05 +0000},
	Date-Modified = {2016-06-30 21:12:00 +0000},
	Editor = {Bogdan, Radu},
	Publisher = {Oxford University Press},
	Title = {Misrepresentation},
	Year = {1986}}

@article{fodorattitudes,
	Author = {Fodor, Jerry},
	Date-Added = {2016-06-30 21:04:18 +0000},
	Date-Modified = {2016-06-30 21:04:40 +0000},
	Journal = {The Monist},
	Number = {4},
	Pages = {501-523},
	Title = {Propositional Attitudes},
	Volume = {61},
	Year = {1978}}

@book{psychosemantics,
	Author = {Fodor, Jerry},
	Date-Added = {2016-06-30 20:50:45 +0000},
	Date-Modified = {2016-06-30 20:51:12 +0000},
	Publisher = {MIT Press},
	Title = {Psychosemantics: {T}he problem of meaning in the philosophy of mind},
	Year = {1989}}

@book{LTaOBC,
	Author = {Millikan, Ruth},
	Date-Added = {2016-06-30 20:48:05 +0000},
	Date-Modified = {2016-06-30 20:48:29 +0000},
	Publisher = {MIT Press},
	Title = {Language, Thought and Other Biological Categories},
	Year = {1984}}

@book{KatFoI,
	Author = {Dretske, Fred},
	Date-Added = {2016-06-30 20:47:34 +0000},
	Date-Modified = {2016-06-30 20:47:53 +0000},
	Publisher = {MIT Press},
	Title = {Knowledge and the Flow of Information},
	Year = {1981}}

@book{nozick,
	Author = {Nozick, Robert},
	Date-Added = {2016-06-30 20:07:40 +0000},
	Date-Modified = {2016-06-30 20:07:56 +0000},
	Publisher = {Harvard University Press},
	Title = {Philosophical Explanations},
	Year = {1981}}

@incollection{goldmanjustified,
	Author = {Goldman, Alvin},
	Booktitle = {Justification and Knowledge},
	Date-Added = {2016-06-30 20:03:07 +0000},
	Date-Modified = {2016-06-30 20:04:33 +0000},
	Editor = {Pappas, G. S.},
	Pages = {1-25},
	Publisher = {Reidel},
	Title = {What is justified belief?},
	Year = {1979}}

@article{evidentialism,
	Author = {Feldman, Richard and Conee, Earl},
	Date-Added = {2016-06-30 19:36:53 +0000},
	Date-Modified = {2016-11-01 16:02:03 +0000},
	Journal = {Philosophical Studies},
	Number = {1},
	Pages = {15-34},
	Title = {Evidentialism},
	Volume = {48},
	Year = {1985}}

@article{nofalselemma,
	Author = {Clark, Michael},
	Date-Added = {2016-06-30 19:16:27 +0000},
	Date-Modified = {2016-06-30 19:17:17 +0000},
	Journal = {Analysis},
	Number = {2},
	Pages = {46-48},
	Title = {Knowledge and grounds: {A} comment on {M}r.\ {G}ettier's paper},
	Volume = {24},
	Year = {1963}}

@article{goldmancausal,
	Author = {Goldman, Alvin},
	Date-Added = {2016-06-30 19:11:35 +0000},
	Date-Modified = {2016-06-30 19:12:04 +0000},
	Journal = {The Journal of Philosophy},
	Number = {12},
	Pages = {357-372},
	Title = {A Causal Theory of Knowing},
	Volume = {64},
	Year = {1967}}

@article{permission,
	Author = {Schoenfield, Miriam},
	Date-Added = {2016-06-29 21:49:57 +0000},
	Date-Modified = {2016-06-29 21:50:41 +0000},
	Journal = {No\^{u}s},
	Number = {2},
	Pages = {193-218},
	Title = {Permission to believe: {W}hy permissivism is true and what it tells us about irrelevant influences on belief},
	Volume = {48},
	Year = {2014}}

@unpublished{carrEUT,
	Author = {Carr, Jennifer},
	Date-Added = {2016-06-29 21:33:25 +0000},
	Date-Modified = {2016-06-29 21:33:50 +0000},
	Note = {unpublished},
	Title = {Epistemic utility theory and the aim of belief},
	Year = {ms}}

@article{nolfinorm,
	Author = {Nolfi, Kate},
	Date-Added = {2016-06-29 19:27:04 +0000},
	Date-Modified = {2016-06-29 19:27:36 +0000},
	Journal = {Pacific Philosophical Quarterly},
	Pages = {181-204},
	Title = {How to be a normativist about the nature of belief},
	Volume = {96},
	Year = {2015}}

@article{propdox,
	Author = {Kvanvig, Jonathan and Menzel, Christopher},
	Date-Added = {2016-06-29 18:06:39 +0000},
	Date-Modified = {2016-06-29 18:07:21 +0000},
	Journal = {Philosophical Studies},
	Pages = {235-261},
	Title = {The basic notion of justification},
	Volume = {59},
	Year = {1990}}

@article{sepfunctionalism,
	Author = {Levin, Janet},
	Date-Added = {2016-06-29 17:12:51 +0000},
	Date-Modified = {2016-06-29 17:13:53 +0000},
	Journal = {Stanford Encyclopedia of Philosophy},
	Title = {Functionalism},
	Year = {2013}}

@incollection{madpain,
	Author = {Lewis, David},
	Booktitle = {Readings in the philosophy of psychology},
	Date-Added = {2016-06-09 19:05:03 +0000},
	Date-Modified = {2016-06-09 19:07:46 +0000},
	Editor = {Ned Block},
	Pages = {216-222},
	Publisher = {Harvard University Press},
	Title = {Mad pain and {M}artian pain},
	Year = {1980}}

@article{douglasvalue,
	Author = {Douglas, Heather},
	Date-Added = {2016-06-09 18:28:07 +0000},
	Date-Modified = {2016-06-09 18:28:38 +0000},
	Journal = {Philosophy of Science},
	Number = {4},
	Pages = {559-579},
	Title = {Inductive risk and values in science},
	Volume = {67},
	Year = {2000}}

@article{rudner,
	Author = {Rudner, Richard},
	Date-Added = {2016-06-09 00:31:25 +0000},
	Date-Modified = {2016-06-09 00:31:54 +0000},
	Journal = {Philosophy of Science},
	Number = {1},
	Pages = {1-6},
	Title = {The scientist qua scientist makes value judgments},
	Volume = {20},
	Year = {1953}}

@unpublished{computecond,
	Author = {Ackerman, Nathanael and Freer, Cameron and Roy, Daniel},
	Date-Added = {2016-05-26 19:35:30 +0000},
	Date-Modified = {2016-05-26 19:36:14 +0000},
	Note = {on the ArXiV},
	Title = {On the Computability of Conditional Probability},
	Year = {2010}}

@article{dubeyequit,
	Author = {Dubey, Ram Sewak and Mitra, Tapan},
	Date-Added = {2015-12-30 22:44:53 +0000},
	Date-Modified = {2015-12-30 22:45:35 +0000},
	Journal = {International Journal of Economic Theory},
	Number = {3},
	Pages = {231-250},
	Title = {On equitable social welfare functions satisfying the weak {P}areto axiom: a complete characterization},
	Volume = {7},
	Year = {2011}}

@article{azzouniindicator,
	Author = {Azzouni, Jody},
	Date-Added = {2015-12-07 22:07:29 +0000},
	Date-Modified = {2015-12-07 22:08:06 +0000},
	Journal = {Philosophia Mathematica},
	Number = {2},
	Pages = {81-106},
	Title = {The derivation-indicator view of mathematical practice},
	Volume = {12},
	Year = {2004}}

@article{crickycond,
	Author = {Hitchcock, Christopher},
	Date-Added = {2015-12-03 20:02:10 +0000},
	Date-Modified = {2018-02-10 20:54:02 +0000},
	Journal = {Synthese},
	Number = {4},
	Pages = {1157-1176},
	Title = {Conditioning, intervening, and decision},
	Volume = {193},
	Year = {2016}}

@article{septestimony,
	Author = {Adler, Jonathan},
	Date-Added = {2015-11-22 18:15:48 +0000},
	Date-Modified = {2015-11-22 18:16:33 +0000},
	Journal = {Stanford Encyclopedia of Philosophy},
	Title = {Epistemological problems of testimony},
	Year = {2012}}

@article{equivocators,
	Author = {Lewis, David},
	Date-Added = {2015-11-20 19:41:33 +0000},
	Date-Modified = {2015-11-20 19:41:56 +0000},
	Journal = {No\^{u}s},
	Number = {3},
	Pages = {431-441},
	Title = {Logic for Equivocators},
	Volume = {16},
	Year = {1982}}

@book{reasonsandpersons,
	Author = {Parfit, Derek},
	Date-Added = {2015-11-20 17:45:31 +0000},
	Date-Modified = {2015-11-20 17:45:48 +0000},
	Publisher = {Oxford University Press},
	Title = {Reasons and Persons},
	Year = {1984}}

@article{nagelbisection,
	Author = {Nagel, Thomas},
	Date-Added = {2015-11-20 17:17:29 +0000},
	Date-Modified = {2015-11-20 17:18:55 +0000},
	Journal = {Synthese},
	Pages = {396-413},
	Title = {Brain bisection and the unity of consciousness},
	Volume = {22},
	Year = {1971}}

@article{alzheimeridentity,
	Author = {Strohminger, Nina and Nichols, Shaun},
	Date-Added = {2015-11-20 17:02:52 +0000},
	Date-Modified = {2015-11-20 17:03:26 +0000},
	Journal = {Psychological Science},
	Number = {9},
	Pages = {1469-1479},
	Title = {Neurodegeneration and identity},
	Volume = {26},
	Year = {2015}}

@article{korsgaardunity,
	Author = {Korsgaard, Christine},
	Date-Added = {2015-11-20 16:45:59 +0000},
	Date-Modified = {2015-11-20 16:46:45 +0000},
	Journal = {Philosophy and Public Affairs},
	Number = {2},
	Pages = {101-132},
	Title = {Personal Identity and the Unity of Agency: A {K}antian Response to {P}arfit},
	Volume = {18},
	Year = {1989}}

@article{commutatholism,
	Author = {Weisberg, Jonathan},
	Date-Added = {2015-11-14 21:17:55 +0000},
	Date-Modified = {2015-11-14 21:18:34 +0000},
	Journal = {British Journal for the Philosophy of Science},
	Number = {4},
	Pages = {793-812},
	Title = {Commutativity or Holism? A Dilemma for Conditionalizers},
	Volume = {60},
	Year = {2009}}

@book{quitcert,
	Author = {Titelbaum, Michael},
	Date-Added = {2015-11-14 20:41:42 +0000},
	Date-Modified = {2015-11-14 20:42:26 +0000},
	Publisher = {Oxford University Press},
	Title = {Quitting Certainties},
	Year = {2012}}

@article{bayes,
	Author = {Bayes, Thomas},
	Date-Added = {2015-11-14 18:05:51 +0000},
	Date-Modified = {2015-11-14 18:06:38 +0000},
	Journal = {Philosophical Transactions of the Royal Society},
	Pages = {370-418},
	Title = {An Essay towards Solving a Problem in the Doctrine of Chances},
	Volume = {53},
	Year = {1763}}

@article{hajeksmithson,
	Author = {H\'{a}jek, Alan and Smithson, Michael},
	Date-Added = {2015-10-23 23:46:51 +0000},
	Date-Modified = {2015-10-23 23:47:27 +0000},
	Journal = {Synthese},
	Pages = {33-48},
	Title = {Rationality and indeterminate probabilities},
	Volume = {187},
	Year = {2011}}

@article{sturgeonimprecise,
	Author = {Sturgeon, Scott},
	Date-Added = {2015-10-23 23:44:13 +0000},
	Date-Modified = {2015-10-23 23:44:47 +0000},
	Journal = {No\^{u}s},
	Pages = {139-165},
	Title = {Reason and the grain of belief},
	Volume = {42},
	Year = {2008}}

@article{schoenfieldimprecise,
	Author = {Schoenfield, Miriam},
	Date-Added = {2015-10-23 23:41:40 +0000},
	Date-Modified = {2015-10-23 23:42:16 +0000},
	Journal = {No\^{u}s},
	Title = {The accuracy and rationality of imprecise credences},
	Year = {2016}}

@article{mosselga,
	Author = {Moss, Sarah},
	Date-Added = {2015-10-23 23:38:49 +0000},
	Date-Modified = {2015-10-23 23:39:32 +0000},
	Journal = {No\^{u}s},
	Number = {4},
	Pages = {665-683},
	Title = {Credal dilemmas},
	Volume = {49},
	Year = {2015}}

@article{chateretal,
	Author = {Chater, Nick and Tenenbaum, Joshua and Yuille, Alan},
	Date-Added = {2015-10-23 21:01:46 +0000},
	Date-Modified = {2015-10-23 21:02:26 +0000},
	Journal = {Trends in Cognitive Sciences},
	Pages = {287-291},
	Title = {Probabilistic models of cognition},
	Volume = {10},
	Year = {2006}}

@article{holtonpartial,
	Author = {Holton, Richard},
	Date-Added = {2015-10-23 18:59:32 +0000},
	Date-Modified = {2015-10-23 19:00:18 +0000},
	Journal = {Mind},
	Number = {465},
	Pages = {27-58},
	Title = {Partial belief, partial intention},
	Volume = {117},
	Year = {2008}}

@incollection{holtonintention,
	Author = {Holton, Richard},
	Booktitle = {Rational and social agency: {E}ssays on the philosophy of {M}ichael {B}ratman},
	Date-Added = {2015-10-23 18:53:04 +0000},
	Date-Modified = {2015-10-23 18:54:14 +0000},
	Editor = {Vargas, Manuel and Yaffe, Gideon},
	Publisher = {Oxford University Press},
	Title = {Intention as a model for belief},
	Year = {2015}}

@article{halperncounterexample,
	Author = {Halpern, Joseph},
	Date-Added = {2015-10-22 23:50:24 +0000},
	Date-Modified = {2015-10-22 23:51:15 +0000},
	Journal = {Journal of Artificial Intelligence Research},
	Pages = {76-85},
	Title = {A counterexample to theorems of {C}ox and {F}ine},
	Volume = {10},
	Year = {1999}}

@book{pariscox,
	Author = {Paris, Jeff},
	Date-Added = {2015-10-22 23:48:59 +0000},
	Date-Modified = {2015-10-22 23:49:20 +0000},
	Publisher = {Cambridge University Press},
	Title = {The Uncertain Reasoner's Companion},
	Year = {1994}}

@article{foodcancer,
	Author = {Schoenfeld, Jonathan and Ioannidis, John},
	Date-Added = {2015-10-13 17:05:25 +0000},
	Date-Modified = {2015-10-13 17:06:34 +0000},
	Journal = {The American Journal of Clinical Nutrition},
	Number = {1},
	Pages = {127-134},
	Title = {Is everything we eat associated with cancer? {A} systematic cookbook review},
	Volume = {97},
	Year = {2012}}

@article{notfour,
	Author = {Hudson, Hud},
	Date-Added = {2015-10-11 19:38:18 +0000},
	Date-Modified = {2015-10-11 19:38:50 +0000},
	Journal = {The American Mathematical Monthly},
	Number = {5},
	Pages = {417-423},
	Title = {Four Colors do Not Suffice},
	Volume = {110},
	Year = {2003}}

@article{gettier,
	Author = {Gettier, Edmund},
	Date-Added = {2015-10-02 18:34:26 +0000},
	Date-Modified = {2016-11-01 16:03:11 +0000},
	Journal = {Analysis},
	Number = {6},
	Pages = {121-123},
	Title = {Is Justified True Belief Knowledge?},
	Volume = {23},
	Year = {1963}}

@article{separateness,
	Author = {Berker, Selim},
	Date-Added = {2015-10-02 18:16:59 +0000},
	Date-Modified = {2015-10-02 18:17:31 +0000},
	Journal = {Philosophical Review},
	Number = {3},
	Pages = {337-393},
	Title = {Epistemic teleology and the separateness of propositions},
	Volume = {122},
	Year = {2013}}

@article{clifford,
	Author = {Clifford, William Kingdom},
	Date-Added = {2015-10-02 16:06:33 +0000},
	Date-Modified = {2016-11-01 15:59:47 +0000},
	Journal = {Contemporary Review},
	Pages = {289-309},
	Title = {The Ethics of Belief},
	Volume = {29},
	Year = {1877}}

@article{rccp,
	Author = {Arntzenius, Frank},
	Date-Added = {2015-09-10 22:11:07 +0000},
	Date-Modified = {2015-09-10 22:11:37 +0000},
	Journal = {Stanford Encyclopedia of Philosophy},
	Title = {Reichenbach's Common Cause Principle},
	Year = {2010}}

@incollection{gibbharp,
	Author = {Gibbard, Alan and Harper, William},
	Booktitle = {Ifs},
	Date-Added = {2015-09-10 20:45:59 +0000},
	Date-Modified = {2015-09-10 20:46:57 +0000},
	Editor = {Harper, William and Stalnaker, Robert and Pearce, G.},
	Pages = {153-190},
	Publisher = {Dordrecht: Reidel},
	Title = {Counterfactuals and two kinds of expected utility},
	Year = {1978}}

@phdthesis{dallmanndiss,
	Author = {Dallmann, Justin},
	Date-Added = {2015-09-07 15:55:49 +0000},
	Date-Modified = {2015-09-07 15:57:29 +0000},
	School = {University of Southern California},
	Title = {Belief as a Credal Plan},
	Year = {2015}}

@article{preface,
	Author = {Makinson, D. C.},
	Date-Added = {2015-09-07 15:32:37 +0000},
	Date-Modified = {2015-09-07 15:32:58 +0000},
	Journal = {Analysis},
	Number = {6},
	Pages = {205-207},
	Title = {The paradox of the preface},
	Volume = {25},
	Year = {1965}}

@article{hbbt,
	Author = {Pawlikowski},
	Date-Added = {2015-09-06 17:29:05 +0000},
	Date-Modified = {2015-09-06 17:29:37 +0000},
	Journal = {Fundamenta Mathematicae},
	Number = {1},
	Pages = {21-22},
	Title = {The {H}ahn-{B}anach theorem implies the {B}anach-{T}arski paradox},
	Volume = {138},
	Year = {1991}}

@article{brandenburger,
	Author = {Brandenburger, Adam},
	Date-Added = {2015-09-05 20:00:49 +0000},
	Date-Modified = {2015-09-05 20:01:27 +0000},
	Journal = {International Journal of Game Theory},
	Pages = {465-492},
	Title = {The power of paradox: some recent developments in interactive epistemology},
	Volume = {35},
	Year = {2007}}

@book{enterprise,
	Author = {Levi, Isaac},
	Date-Added = {2015-09-05 19:36:55 +0000},
	Date-Modified = {2015-09-05 19:37:27 +0000},
	Publisher = {MIT Press},
	Title = {The Enterprise of Knowledge},
	Year = {1980}}

@article{titelkopecunique,
	Author = {Kopec, Matthew and Titelbaum, Michael},
	Date-Added = {2015-09-05 19:29:37 +0000},
	Date-Modified = {2015-09-05 19:30:01 +0000},
	Journal = {Philosophy Compass},
	Title = {The Uniqueness Thesis},
	Year = {2016}}

@article{uniqueness,
	Author = {Horowitz, Sophie and Dogramaci, Sinan},
	Date-Added = {2015-09-05 19:23:01 +0000},
	Date-Modified = {2015-09-05 19:23:32 +0000},
	Journal = {Philosophical Issues},
	Title = {Uniqueness: a new argument},
	Volume = {26},
	Year = {2016}}

@incollection{xkyuradon,
	Author = {Yu, Xiaokang},
	Booktitle = {Logic and computation, proceedings of a workshop held at {C}arnegie {M}ellon {U}niversity, {J}une 30-{J}uly 2, 1987},
	Date-Added = {2015-09-05 18:49:27 +0000},
	Date-Modified = {2015-09-05 18:51:26 +0000},
	Editor = {Sieg, Wilfred},
	Pages = {289-297},
	Publisher = {American Mathematical Society},
	Title = {Radon-{N}ikodym theorem is equivalent to arithmetical comprehension},
	Year = {1990}}

@book{colscozz,
	Author = {Coletti, Giulianella and Scozzafava, Romano},
	Date-Added = {2015-09-05 18:31:12 +0000},
	Date-Modified = {2015-09-05 18:31:46 +0000},
	Publisher = {Kluwer},
	Title = {Probabilistic logic in a coherent setting},
	Year = {2002}}

@article{ramseytheory,
	Author = {Ramsey, Frank Plumpton},
	Date-Added = {2015-09-04 19:53:03 +0000},
	Date-Modified = {2015-09-04 19:53:51 +0000},
	Journal = {Proceedings of the London Mathematical Society},
	Number = {1},
	Pages = {264-286},
	Title = {On a problem of formal logic},
	Volume = {30},
	Year = {1930}}

@article{erdos,
	Author = {Erd\H{o}s, Paul},
	Date-Added = {2015-09-04 19:39:02 +0000},
	Date-Modified = {2015-09-04 19:39:28 +0000},
	Journal = {Bulletin of the American Mathematical Society},
	Pages = {292-294},
	Title = {Some remarks on the theory of graphs},
	Volume = {53},
	Year = {1947}}

@book{vnm,
	Author = {von Neumann, John and Morgenstern, Oskar},
	Date-Added = {2015-09-04 19:22:43 +0000},
	Date-Modified = {2015-09-04 19:23:57 +0000},
	Publisher = {Princeton University Press},
	Title = {Theory of games and economic behavior, second edition},
	Year = {1947}}

@article{probcause,
	Author = {Hitchcock, Christopher},
	Date-Added = {2015-09-04 18:46:34 +0000},
	Date-Modified = {2015-09-04 18:47:17 +0000},
	Journal = {Stanford Encyclopedia of Philosophy},
	Title = {Probabilistic causation},
	Year = {2010}}

@book{sgs,
	Author = {Spirtes, Peter and Glymour, Clark and Scheines, Richard},
	Date-Added = {2015-09-04 18:36:50 +0000},
	Date-Modified = {2015-09-04 18:37:24 +0000},
	Publisher = {MIT Press},
	Title = {Causation, prediction and search},
	Year = {2000}}

@book{pearl2000,
	Author = {Pearl, Judea},
	Date-Added = {2015-09-04 18:36:12 +0000},
	Date-Modified = {2015-09-04 18:36:47 +0000},
	Publisher = {Cambridge University Press},
	Title = {Causality: models, reasoning, and inference},
	Year = {2000}}

@article{mayocox,
	Author = {Mayo, Deborah and Cox, David},
	Date-Added = {2015-09-04 18:02:47 +0000},
	Date-Modified = {2015-09-04 18:03:41 +0000},
	Journal = {IMS Lecture Notes--Monograph Series 2nd {L}ehmann Symposium --- Optimality},
	Pages = {77-97},
	Title = {Frequentist statistics as a theory of inductive inference},
	Volume = {49},
	Year = {2006}}

@article{jhl,
	Author = {Hosiasson-Lindenbaum, Janina},
	Date-Added = {2015-09-04 17:17:24 +0000},
	Date-Modified = {2015-09-04 17:17:49 +0000},
	Journal = {Journal of Symbolic Logic},
	Number = {4},
	Pages = {133-148},
	Title = {On confirmation},
	Volume = {5},
	Year = {1940}}

@article{baconstalnaker,
	Author = {Bacon, Andrew},
	Date-Added = {2015-09-04 16:49:47 +0000},
	Date-Modified = {2015-09-04 16:50:24 +0000},
	Journal = {The Review of Symbolic Logic},
	Number = {1},
	Pages = {131-163},
	Title = {Stalnaker's Thesis in Context},
	Volume = {8},
	Year = {2015}}

@article{distrefl,
	Author = {Briggs, Rachael},
	Date-Added = {2015-09-03 22:48:36 +0000},
	Date-Modified = {2015-09-03 22:49:23 +0000},
	Journal = {Philosophical Review},
	Number = {1},
	Pages = {59-85},
	Title = {Distorted Reflection},
	Volume = {118},
	Year = {2009}}

@article{bingham,
	Author = {Bingham, N. H.},
	Date-Added = {2015-09-01 22:04:41 +0000},
	Date-Modified = {2015-09-01 22:05:17 +0000},
	Journal = {Electronic Journal of the History of Probability and Statistics},
	Number = {1},
	Pages = {1-33},
	Title = {Finite additivity versus countable additivity: de {F}inetti and {S}avage},
	Volume = {6},
	Year = {2010}}

@article{dubinstail,
	Author = {Dubins, Lester and Heath, David},
	Date-Added = {2015-09-01 21:47:08 +0000},
	Date-Modified = {2015-09-01 21:47:56 +0000},
	Journal = {Proceedings of the American Mathematical Society},
	Number = {3},
	Pages = {416-418},
	Title = {With respect to tail sigma fields, standard measures possess measurable disintegrations},
	Volume = {88},
	Year = {1983}}

@article{krauss,
	Author = {Krauss, P. H.},
	Date-Added = {2015-09-01 21:12:39 +0000},
	Date-Modified = {2015-09-01 21:13:34 +0000},
	Journal = {Acta Mathematica Hungarica},
	Number = {3-4},
	Pages = {229-241},
	Title = {Representation of conditional probability measures on {B}oolean algebras},
	Volume = {19},
	Year = {1968}}

@incollection{seidnocount,
	Author = {Seidenfeld, Teddy},
	Booktitle = {Probability Theory: Philosophy, recent history and relations to science},
	Date-Added = {2015-09-01 20:09:43 +0000},
	Date-Modified = {2015-09-01 20:11:52 +0000},
	Editor = {Hendricks, Vincent},
	Pages = {167-178},
	Publisher = {Kluwer},
	Title = {Remarks on the theory of conditional probability: Some issues of finite versus countable additivity},
	Year = {2001}}

@inproceedings{blackwell55,
	Author = {Blackwell, David},
	Booktitle = {Proceedings of the Third {B}erkeley Symposium on Mathematics, Statistics, and Probability},
	Date-Added = {2015-09-01 19:40:07 +0000},
	Date-Modified = {2015-09-01 19:41:10 +0000},
	Pages = {1-6},
	Title = {On a class of probability spaces},
	Volume = {2},
	Year = {1956}}

@article{blackwelldubins,
	Author = {Blackwell, David and Dubins, Lester},
	Date-Added = {2015-09-01 18:24:04 +0000},
	Date-Modified = {2015-09-01 18:24:51 +0000},
	Journal = {The Annals of Probability},
	Number = {5},
	Pages = {741-752},
	Title = {On Existence and Non-Existence of Proper, Regular, Conditional Distributions},
	Volume = {3},
	Year = {1975}}

@book{renyiprob,
	Author = {R\'{e}nyi, Alfred},
	Date-Added = {2015-08-28 22:40:42 +0000},
	Date-Modified = {2015-08-28 22:41:28 +0000},
	Publisher = {North-Holland},
	Title = {Probability Theory},
	Year = {1970}}

@article{spohnrep,
	Author = {Spohn, Wolfgang},
	Date-Added = {2015-08-28 22:08:45 +0000},
	Date-Modified = {2015-08-28 22:09:11 +0000},
	Journal = {Topoi},
	Pages = {69-74},
	Title = {The Representation of {P}opper Measures},
	Volume = {5},
	Year = {1986}}

@article{fraassenrep,
	Author = {van Fraassen, Bas},
	Date-Added = {2015-08-28 19:34:22 +0000},
	Date-Modified = {2015-08-28 19:35:01 +0000},
	Journal = {Journal of Philosophical Logic},
	Number = {3},
	Pages = {417-430},
	Title = {Representation of Conditional Probabilities},
	Volume = {5},
	Year = {1976}}

@book{popperlosd,
	Author = {Popper, Karl},
	Date-Added = {2015-08-28 16:55:17 +0000},
	Date-Modified = {2015-08-28 16:55:46 +0000},
	Publisher = {Harper \& Row},
	Title = {The Logic of Scientific Discovery},
	Year = {1959}}

@article{rescorlaborel,
	Author = {Rescorla, Michael},
	Date-Added = {2015-08-28 15:30:39 +0000},
	Date-Modified = {2015-08-28 15:31:20 +0000},
	Journal = {Synthese},
	Pages = {735-767},
	Title = {Some epistemological ramifications of the {B}orel-{K}olmogorov paradox},
	Volume = {192},
	Year = {2015}}

@article{myrvoldcant,
	Author = {Myrvold, Wayne},
	Date-Added = {2015-08-27 20:53:42 +0000},
	Date-Modified = {2015-08-27 21:53:24 +0000},
	Journal = {Erkenntnis},
	Pages = {573-603},
	Title = {You Can't Always Get What You Want: Some Considerations Regarding Conditional Probabilities},
	Volume = {80},
	Year = {2015}}

@unpublished{redeiborel,
	Author = {Gyenis, Z. and Hofer-Szab\'{o}, G. and R\'{e}dei, Miklos},
	Date-Added = {2015-08-27 20:52:22 +0000},
	Date-Modified = {2015-08-27 21:10:48 +0000},
	Note = {ms},
	Title = {Conditioning using conditional expectations: the {B}orel-{K}olmogorov paradox},
	Year = {2016}}

@unpublished{condnotmax,
	Author = {Schoenfield, Miriam},
	Date-Added = {2015-08-26 00:09:29 +0000},
	Date-Modified = {2015-08-26 00:10:01 +0000},
	Note = {ms},
	Title = {Conditionalization does not (in general) maximize expected accuracy},
	Year = {2016}}

@unpublished{gallowpartition,
	Author = {Gallow, J. Dmitri},
	Date-Added = {2015-08-26 00:05:03 +0000},
	Date-Modified = {2015-08-26 00:05:41 +0000},
	Note = {ms},
	Title = {Diachronic {D}utch Books and Evidential Import},
	Year = {2016}}

@article{whycount,
	Author = {Easwaran, Kenny},
	Date-Added = {2015-08-25 23:28:24 +0000},
	Date-Modified = {2015-08-25 23:29:03 +0000},
	Journal = {Thought},
	Number = {4},
	Pages = {53-61},
	Title = {Why Countable Additivity?},
	Volume = {1},
	Year = {2013}}

@book{pettbook,
	Author = {Pettigrew, Richard},
	Date-Added = {2015-08-25 23:22:17 +0000},
	Date-Modified = {2015-08-25 23:22:38 +0000},
	Publisher = {Oxford University Press},
	Title = {Accuracy and the Laws of Credence},
	Year = {2016}}

@article{foregone,
	Author = {Kadane, Joseph B. and Schervish, Mark J. and Seidenfeld, Teddy},
	Date-Added = {2015-08-25 23:05:29 +0000},
	Date-Modified = {2015-08-25 23:06:20 +0000},
	Journal = {Journal of the American Statistical Association},
	Number = {435},
	Pages = {1228-1235},
	Title = {Reasoning to a Foregone Conclusion},
	Volume = {91},
	Year = {1996}}

@article{rescorlaconglom,
	Author = {Rescorla, Michael},
	Date-Added = {2015-08-25 22:53:30 +0000},
	Date-Modified = {2019-04-26 11:30:39 -0500},
	Journal = {The Review of Symbolic Logic},
	Number = {4},
	Pages = {705-735},
	Title = {A {D}utch Book Theorem and Converse {D}utch Book Theorem for {K}olmogorov Conditionalization},
	Volume = {11},
	Year = {2018}}

@book{billingsley,
	Author = {Billingsley, Patrick},
	Date-Added = {2015-08-25 20:45:24 +0000},
	Date-Modified = {2015-08-25 20:47:33 +0000},
	Publisher = {Wiley},
	Title = {Probability and Measure},
	Year = {1995}}

@article{hoffjorg,
	Author = {Hoffmann-J{\o}rgensen, J.},
	Date-Added = {2015-08-25 20:08:41 +0000},
	Date-Modified = {2015-08-25 20:09:53 +0000},
	Journal = {Mathematica Scandinavica},
	Pages = {257-264},
	Title = {Existence of Conditional Probabilities},
	Year = {1971}}

@article{pachl,
	Author = {Pachl, Jan K.},
	Date-Added = {2015-08-25 20:07:40 +0000},
	Date-Modified = {2015-08-25 20:08:32 +0000},
	Journal = {Mathematica Scandinavica},
	Pages = {157-168},
	Title = {Disintegration and Compact Measures},
	Year = {1978}}

@article{faden,
	Author = {Faden, Arnold M.},
	Date-Added = {2015-08-25 20:07:03 +0000},
	Date-Modified = {2015-08-25 20:07:32 +0000},
	Journal = {The Annals of Probability},
	Number = {1},
	Pages = {288-298},
	Title = {The Existence of Regular Conditional Probabilities: Necessary and Sufficient Conditions},
	Volume = {13},
	Year = {1985}}

@article{changpollard,
	Author = {Chang, J.T. and Pollard, D.},
	Date-Added = {2015-08-25 20:05:57 +0000},
	Date-Modified = {2015-08-25 20:06:43 +0000},
	Journal = {Statistica Neerlandica},
	Number = {3},
	Pages = {287-317},
	Title = {Conditioning as Disintegration},
	Volume = {51},
	Year = {1997}}

@conference{sskkappa,
	Author = {Seidenfeld, Teddy and Schervish, Mark J. and Kadane, Joseph B.},
	Booktitle = {8th International Symposium on Imprecise Probability: Theories and Applications, Compi\`{e}gne, France},
	Date-Added = {2015-08-24 18:30:50 +0000},
	Date-Modified = {2015-08-24 18:35:09 +0000},
	Title = {Two theories of conditional probability and non-conglomerability},
	Year = {2013}}

@book{proofrefute,
	Author = {Lakatos, Imre},
	Date-Added = {2015-07-16 18:17:07 +0000},
	Date-Modified = {2015-07-16 18:18:12 +0000},
	Publisher = {Cambridge University Press},
	Title = {Proofs and Refutations},
	Year = {1976}}

@article{werndldefn,
	Author = {Werndl, Charlotte},
	Date-Added = {2015-06-10 23:15:30 +0000},
	Date-Modified = {2015-06-10 23:16:17 +0000},
	Journal = {Philosophia Mathematica},
	Number = {3},
	Pages = {313-340},
	Title = {Justifying definitions in mathematics --- going beyond {L}akatos},
	Volume = {17},
	Year = {2009}}

@article{abelcauchy,
	Author = {S{\o}rensen, H.K.},
	Date-Added = {2015-03-05 23:05:58 +0000},
	Date-Modified = {2015-03-05 23:09:38 +0000},
	Journal = {Historia Mathematica},
	Pages = {453-480},
	Title = {Understanding {A}bel's comment on {C}auchy's theorem},
	Volume = {32},
	Year = {2005}}

@article{schattschneider,
	Author = {Schattschneider, Doris},
	Date-Added = {2015-03-05 23:05:01 +0000},
	Date-Modified = {2015-03-05 23:05:28 +0000},
	Journal = {Mathematics Magazine},
	Number = {1},
	Pages = {29-44},
	Title = {Tiling the plane with congruent pentagons},
	Volume = {51},
	Year = {1978}}

@article{oscar,
	Author = {Pollock, John},
	Date-Added = {2015-03-05 23:04:06 +0000},
	Date-Modified = {2015-03-05 23:04:44 +0000},
	Journal = {Journal of Experimental and Theoretical Artificial Intelligence},
	Number = {3},
	Pages = {209-226},
	Title = {{OSCAR}: a general theory of rationality},
	Volume = {1},
	Year = {1989}}

@article{intentionalgaps,
	Author = {Fallis, Don},
	Date-Added = {2015-03-05 22:51:01 +0000},
	Date-Modified = {2015-03-05 22:51:34 +0000},
	Journal = {Synthese},
	Number = {1-2},
	Pages = {45-69},
	Title = {Intentional Gaps in Mathematical Proofs},
	Volume = {134},
	Year = {2003}}

@article{kershner,
	Author = {Kershner, R. B.},
	Date-Added = {2015-03-05 22:48:24 +0000},
	Date-Modified = {2015-03-05 22:48:59 +0000},
	Journal = {American Mathematical Monthly},
	Pages = {839-844},
	Title = {On Paving the Plane},
	Volume = {75},
	Year = {1968}}

@article{probproofs,
	Author = {Easwaran, Kenny},
	Date-Added = {2015-03-05 02:06:53 +0000},
	Date-Modified = {2015-03-05 02:07:35 +0000},
	Journal = {Philosophia Mathematica},
	Number = {3},
	Pages = {341-362},
	Title = {Probabilistic Proofs and Transferability},
	Volume = {17},
	Year = {2009}}

@article{bostromie,
	Author = {Bostrom, Nick},
	Date-Added = {2015-01-08 22:48:05 +0000},
	Date-Modified = {2015-01-08 22:48:24 +0000},
	Journal = {Analysis and Metaphysics},
	Pages = {9-59},
	Title = {Infinite Ethics},
	Volume = {10},
	Year = {2011}}

@article{valkag,
	Author = {Vallentyne, Peter and Kagan, Shelley},
	Date-Added = {2015-01-07 01:24:07 +0000},
	Date-Modified = {2015-01-07 01:24:45 +0000},
	Journal = {Journal of Philosophy},
	Number = {1},
	Pages = {5-26},
	Title = {Infinite Value and Finitely Additive Value Theory},
	Volume = {94},
	Year = {1997}}

@article{dwithoutreps,
	Author = {Easwaran, Kenny},
	Date-Added = {2015-01-07 00:42:41 +0000},
	Date-Modified = {2015-01-07 00:43:16 +0000},
	Journal = {Philosophers' Imprint},
	Number = {27},
	Pages = {1-30},
	Title = {Decision Theory without Representation Theorems},
	Volume = {14},
	Year = {2014}}

@article{arntzeternity,
	Author = {Arntzenius, Frank},
	Date-Added = {2015-01-07 00:33:55 +0000},
	Date-Modified = {2015-01-07 00:34:46 +0000},
	Journal = {Philosophical Perspectives},
	Pages = {31-58},
	Title = {Utilitarianism, decision theory, and eternity},
	Volume = {28},
	Year = {2014}}

@article{bascelli,
	Author = {Bascelli, Tiziana and Bottazzi, Emanuele and Herzberg, Frederik and Kanovei, Vladimir and Katz, Karin U. and Katz, Mikhail G. and Nowik, Tahl and Sherry, David and Shnider, Steven},
	Date-Added = {2014-09-12 16:04:23 +0000},
	Date-Modified = {2014-09-12 16:08:13 +0000},
	Journal = {Notices of the American Mathematical Society},
	Number = {8},
	Pages = {848-864},
	Title = {{F}ermat, {L}eibniz, {E}uler, and the Gang: The True History of the Concepts of Limit and Shadow},
	Volume = {61},
	Year = {2014}}

@techreport{velupillai,
	Author = {Velupillai, K. Vela},
	Date-Added = {2014-09-12 15:51:01 +0000},
	Date-Modified = {2014-09-12 15:52:07 +0000},
	Institution = {Department of Economics, University of Trento},
	Month = {June},
	Title = {Constructive and Computable {H}ahn-{B}anach Theorems for the (Second) Fundamental Theorem of Welfare Economics},
	Year = {2014}}

@article{maddyindispensable,
	Author = {Maddy, Penelope},
	Date-Added = {2014-09-12 15:45:01 +0000},
	Date-Modified = {2014-09-12 15:48:42 +0000},
	Journal = {The Journal of Philosophy},
	Number = {6},
	Pages = {275-289},
	Title = {Indispensability and Practice},
	Volume = {89},
	Year = {1992}}

@incollection{scirealism,
	Author = {Chakravartty, Anjan},
	Booktitle = {The Stanford Encyclopedia of Philosophy},
	Date-Added = {2014-09-03 20:01:46 +0000},
	Date-Modified = {2014-09-12 16:13:42 +0000},
	Editor = {Edward N. Zalta},
	Publisher = {http://plato.stanford.edu/archives/spr2014/entries/scientific-realism/},
	Title = {Scientific Realism},
	Year = {2014}}

@techreport{nonkappa,
	Author = {Seidenfeld, Teddy and Schervish, Mark J. and Kadane, Joseph B.},
	Date-Added = {2014-08-20 00:00:42 +0000},
	Date-Modified = {2014-08-20 00:01:33 +0000},
	Institution = {Carnegie Mellon University},
	Title = {Non-conglomerability for countably additive measures that are not {$\kappa$}-additive},
	Year = {2014}}

@book{measurement,
	Author = {Krantz, David and Luce, Duncan and Suppes, Patrick and Tversky, Amos},
	Date-Added = {2014-07-08 00:15:02 +0000},
	Date-Modified = {2014-07-08 00:16:43 +0000},
	Publisher = {New York Academic Press},
	Title = {Foundations of Measurement},
	Volume = {1},
	Year = {1971}}

@book{finetheories,
	Author = {Fine, Terrence},
	Date-Added = {2014-07-07 21:42:07 +0000},
	Date-Modified = {2014-07-07 21:42:36 +0000},
	Publisher = {Academic Press Inc},
	Title = {Theories of Probability},
	Year = {1973}}

@incollection{hawthornecomparative,
	Author = {Hawthorne, James},
	Booktitle = {Oxford Handbook of Probabilities and Philosophy},
	Date-Added = {2014-07-07 21:40:32 +0000},
	Date-Modified = {2014-07-07 21:41:39 +0000},
	Editor = {H\'{a}jek, Alan and Hitchcock, Christopher},
	Publisher = {Oxford University Press},
	Title = {A Logic of Comparative Support: Qualitative Conditional Probability Relations Representable by {P}opper Functions},
	Year = {2015}}

@article{counterfactualdecision,
	Author = {Stef\'{a}nsson, H. Orri and Bradley, Richard},
	Date-Added = {2014-07-06 18:06:05 +0000},
	Date-Modified = {2014-07-06 18:09:51 +0000},
	Journal = {British Journal for the Philosophy of Science},
	Title = {Counterfactual Desirability},
	Year = {2015}}

@article{greavesedt,
	Author = {Greaves, Hilary},
	Date-Added = {2014-05-23 18:38:37 +0000},
	Date-Modified = {2016-11-01 16:06:08 +0000},
	Journal = {Mind},
	Number = {488},
	Pages = {915-952},
	Title = {Epistemic Decision Theory},
	Volume = {122},
	Year = {2013}}

@incollection{williamsprobnonclass,
	Author = {Williams, J.\ Robert G.},
	Booktitle = {Oxford Handbook to Probability and Philosophy},
	Date-Added = {2014-05-23 18:31:50 +0000},
	Date-Modified = {2014-05-23 18:33:00 +0000},
	Editor = {H\'{a}jek, Alan and Hitchcock, Christopher},
	Publisher = {Oxford University Press},
	Title = {Non-classical Logic and Probability},
	Year = {2014}}

@incollection{skyrmscarnapbayes,
	Author = {Skyrms, Brian},
	Booktitle = {Statistics, Probability and Game Theory: Papers in Honor of {D}avid {B}lackwell},
	Date-Added = {2014-05-23 18:25:34 +0000},
	Date-Modified = {2014-05-23 18:27:08 +0000},
	Pages = {321-336},
	Publisher = {Institute of Mathematical Statistics},
	Title = {Carnapian Inductive Logic and {B}ayesian Statistics},
	Year = {1996}}

@article{skyrmscarnapmarkov,
	Author = {Skyrms, Brian},
	Date-Added = {2014-05-23 18:24:54 +0000},
	Date-Modified = {2014-05-23 18:25:27 +0000},
	Journal = {Erkenntnis},
	Number = {1},
	Pages = {439-460},
	Title = {Carnapian Inductive Logic for {M}arkov Chains},
	Volume = {35},
	Year = {1991}}

@article{johnsoncontinuum,
	Author = {Johnson, William E.},
	Date-Added = {2014-05-23 18:22:49 +0000},
	Date-Modified = {2014-05-23 18:23:29 +0000},
	Journal = {Mind},
	Pages = {409-423},
	Title = {Probability: the Deductive and Inductive Problems},
	Volume = {41},
	Year = {1932}}

@book{carnapcontinuum,
	Author = {Carnap, Rudolf},
	Date-Added = {2014-05-23 18:18:35 +0000},
	Date-Modified = {2014-05-23 18:18:58 +0000},
	Publisher = {University of Chicago Press},
	Title = {The Continuum of Inductive Methods},
	Year = {1952}}

@unpublished{macfarlanelogic,
	Author = {MacFarlane},
	Date-Added = {2014-05-23 18:11:14 +0000},
	Date-Modified = {2014-05-23 18:11:45 +0000},
	Note = {unpublished},
	Title = {In What Sense (If Any) is Logic Normative for Thought?},
	Year = {2004}}

@incollection{dummettintuitionistic,
	Author = {Dummett, Michael},
	Booktitle = {Philosophy of Mathematics},
	Chapter = {14},
	Date-Added = {2014-05-23 18:04:17 +0000},
	Date-Modified = {2014-05-23 18:06:14 +0000},
	Edition = {Second},
	Editor = {Benacerraf, Paul and Putnam, Hilary},
	Publisher = {Cambridge University Press},
	Title = {The Philosophical Basis of Intuitionistic Logic},
	Year = {1973}}

@incollection{dummettjustification,
	Author = {Dummett, Michael},
	Booktitle = {Truth and Other Enigmas},
	Date-Added = {2014-05-23 18:01:28 +0000},
	Date-Modified = {2014-05-23 18:02:18 +0000},
	Publisher = {Oxford University Press},
	Title = {The Justification of Deduction},
	Year = {1974}}

@article{edgington,
	Author = {Edgington, Dorothy},
	Date-Added = {2014-05-23 17:52:34 +0000},
	Date-Modified = {2014-05-23 17:53:25 +0000},
	Journal = {Mind},
	Number = {414},
	Pages = {235-329},
	Title = {On Conditionals},
	Volume = {104},
	Year = {1995}}

@article{truthgovern,
	Author = {Shah, Nichi},
	Date-Added = {2013-11-06 23:54:34 +0000},
	Date-Modified = {2013-11-06 23:54:55 +0000},
	Journal = {The Philosophical Review},
	Number = {4},
	Pages = {447-482},
	Title = {How truth governs belief},
	Volume = {112},
	Year = {2003}}

@article{metanewcomb,
	Author = {Bostrom, Nick},
	Date-Added = {2013-10-10 03:15:35 +0000},
	Date-Modified = {2013-10-10 03:16:34 +0000},
	Journal = {Analysis},
	Number = {4},
	Pages = {309-310},
	Title = {The Meta-{N}ewcomb Problem},
	Volume = {61},
	Year = {2001}}

@article{meachambinding,
	Author = {Meacham, Christopher},
	Date-Added = {2013-10-10 03:07:12 +0000},
	Date-Modified = {2013-10-10 03:07:31 +0000},
	Journal = {Philosophical Studies},
	Number = {1},
	Pages = {49-71},
	Title = {Binding and its Consequences},
	Volume = {149},
	Year = {2010}}

@article{edithpiaf,
	Author = {Arntzenius, Frank},
	Date-Added = {2013-10-10 03:06:06 +0000},
	Date-Modified = {2013-10-10 03:06:34 +0000},
	Journal = {Erkenntnis},
	Number = {2},
	Pages = {277-297},
	Title = {No Regrets, or: {E}dith {P}iaf Revamps Decision Theory},
	Volume = {68},
	Year = {2008}}

@article{egancounterexamples,
	Author = {Egan, Andy},
	Date-Added = {2013-10-10 03:00:00 +0000},
	Date-Modified = {2013-10-10 03:00:23 +0000},
	Journal = {Philosophical Review},
	Number = {1},
	Pages = {93-114},
	Title = {Some Counterexamples to Causal Decision Theory},
	Volume = {116},
	Year = {2007}}

@article{alexanderagnesi,
	Author = {Alexander, J.\ McKenzie},
	Date-Added = {2013-08-22 19:49:44 +0000},
	Date-Modified = {2013-08-22 19:50:27 +0000},
	Journal = {Journal of Philosophy},
	Number = {12},
	Pages = {712-727},
	Title = {Decision theory meets the {W}itch of {A}gnesi},
	Volume = {109},
	Year = {2012}}

@unpublished{barthaarroyo,
	Author = {Bartha, Paul},
	Date-Added = {2013-08-22 19:48:06 +0000},
	Date-Modified = {2013-08-22 19:48:25 +0000},
	Title = {What not to expect from weak expectations},
	Year = {ms}}

@unpublished{pvm,
	Author = {Elmer, Mark and Mosbo, Magdalena and Preston, Scott},
	Date-Added = {2013-08-21 17:36:45 +0000},
	Date-Modified = {2013-08-21 17:37:39 +0000},
	Note = {{\tt http://www.oswego.edu/~srp/pvm4.pdf}},
	Title = {Principal Value Mean},
	Year = {ms}}

@article{hutteggeracc,
	Author = {Huttegger, Simon},
	Date-Added = {2013-08-12 16:30:23 +0000},
	Date-Modified = {2013-08-12 16:31:37 +0000},
	Journal = {Philosophy of Science},
	Number = {3},
	Pages = {413-433},
	Title = {In Defense of Reflection},
	Volume = {80},
	Year = {2013}}

@incollection{bvfcalibration,
	Author = {van Fraassen, Bas},
	Booktitle = {Physics, Philosophy, and Psychoanalysis},
	Date-Added = {2013-06-25 23:06:34 +0000},
	Date-Modified = {2013-06-25 23:07:38 +0000},
	Editor = {Cohen, R. and Laudan, L.},
	Pages = {295-319},
	Publisher = {Dordrecht: Reidel},
	Title = {Calibration: A Frequency Justification for Personal Probability},
	Year = {1983}}

@article{easwaranregularity,
	Author = {Easwaran, Kenny},
	Date-Added = {2013-06-20 21:08:49 +0000},
	Date-Modified = {2013-11-12 00:27:11 +0000},
	Journal = {The Philosophical Review},
	Number = {1},
	Title = {Regularity and Hyperreal Credences},
	Volume = {123},
	Year = {2014}}

@article{expectacc,
	Author = {Easwaran, Kenny},
	Date-Added = {2013-05-02 18:22:14 +0000},
	Date-Modified = {2013-05-02 18:22:46 +0000},
	Journal = {Philosophy of Science},
	Number = {1},
	Pages = {119-142},
	Title = {Expected Accuracy Supports Conditionalization --- and Conglomerability and Reflection},
	Volume = {80},
	Year = {2013}}

@article{caieRPI,
	Author = {Caie, Michael},
	Date-Added = {2013-04-26 20:36:33 +0000},
	Date-Modified = {2014-05-23 18:37:04 +0000},
	Journal = {The Philosophical Review},
	Number = {4},
	Title = {Rational Probabilistic Incoherence},
	Volume = {122},
	Year = {2013}}

@article{spielman,
	Author = {Spielman, Stephen},
	Date-Added = {2013-03-19 21:45:34 +0000},
	Date-Modified = {2013-03-19 21:46:44 +0000},
	Journal = {Synthese},
	Pages = {235-269},
	Title = {Physical Probability and {B}ayesian Statistics},
	Volume = {36},
	Year = {1977}}

@article{unexpectedexp,
	Author = {H\'{a}jek, Alan},
	Date-Added = {2013-03-04 19:02:36 +0000},
	Date-Modified = {2013-03-04 19:02:49 +0000},
	Journal = {Mind},
	Title = {Unexpected Expectations},
	Year = {2013}}

@article{orderly,
	Author = {Gwiazda, Jeremy},
	Date-Added = {2013-03-04 19:02:10 +0000},
	Date-Modified = {2013-03-04 19:02:32 +0000},
	Journal = {Mind},
	Title = {Orderly Expectations},
	Year = {2013}}

@book{fellerii,
	Author = {Feller, William},
	Date-Added = {2013-03-01 16:22:07 -0800},
	Date-Modified = {2013-03-01 16:22:51 -0800},
	Publisher = {Wiley},
	Title = {An Introduction to Probability Theory and its Applications},
	Volume = {2},
	Year = {1971}}

@article{peterson04,
	Author = {Peterson, Martin},
	Date-Added = {2013-02-28 21:05:17 +0000},
	Date-Modified = {2013-02-28 21:05:53 +0000},
	Journal = {Journal of Philosophical Logic},
	Number = {4},
	Pages = {361-378},
	Title = {From outcomes to acts: a non-standard axiomatization of the expected utility principle},
	Volume = {33},
	Year = {2004}}

@article{peterson02,
	Author = {Peterson, Martin},
	Date-Added = {2013-02-28 21:04:40 +0000},
	Date-Modified = {2013-02-28 21:05:14 +0000},
	Journal = {Theoria},
	Number = {2},
	Pages = {112-128},
	Title = {An Argument for the Principle of Maximizing Expected Utility},
	Volume = {68},
	Year = {2002}}

@incollection{cccp,
	Author = {H\'{a}jek, Alan and Hall, Ned},
	Booktitle = {Probability and Conditionals: Belief Revision and Rational Decision},
	Date-Added = {2013-02-07 18:41:08 +0000},
	Date-Modified = {2013-02-07 18:42:35 +0000},
	Editor = {Eells, Ellery and Skyrms, Brian},
	Pages = {75-112},
	Publisher = {Cambridge University Press},
	Title = {The hypothesis of the conditional construal of conditional probability},
	Year = {1994}}

@article{yosida,
	Author = {Yosida, Kosaku and Hewitt, Edwin},
	Date-Added = {2013-02-01 14:03:43 -0800},
	Date-Modified = {2013-02-01 14:04:22 -0800},
	Journal = {Transactions of the American Mathematical Society},
	Number = {1},
	Pages = {46-66},
	Title = {Finitely Additive Measures},
	Volume = {72},
	Year = {1952}}

@article{inftoosmall,
	Author = {Pruss, Alexander},
	Date-Added = {2013-02-01 13:26:38 -0800},
	Date-Modified = {2013-02-01 13:27:35 -0800},
	Journal = {Thought},
	Title = {Infinitesimals are too small for countably infinite fair lotteries},
	Year = {2013}}

@article{nonarchprob,
	Author = {Benci, Vieri and Horsten, Leon and Wenmackers, Sylvia},
	Date-Added = {2013-01-21 21:15:52 +0000},
	Date-Modified = {2013-01-21 21:16:30 +0000},
	Journal = {Milan Journal of Mathematics},
	Title = {Non-{A}rchimedean Probability},
	Year = {forthcoming}}

@book{mooreAC,
	Author = {Moore, Gregory},
	Date-Added = {2013-01-21 17:45:57 +0000},
	Date-Modified = {2013-01-21 17:46:33 +0000},
	Publisher = {Springer-Verlag},
	Title = {Zermelo's Axiom of Choice: Its Origins, Development, and Influence},
	Year = {1982}}

@book{gambling,
	Author = {Levi, Isaac},
	Date-Added = {2013-01-13 22:19:44 +0000},
	Date-Modified = {2013-01-13 22:20:23 +0000},
	Publisher = {Alfred A.\ Knopf},
	Title = {Gambling with Truth: An Essay on Induction and the Aims of Science},
	Year = {1967}}

@book{changeinview,
	Author = {Harman, Gilbert},
	Date-Added = {2013-01-13 22:09:53 +0000},
	Date-Modified = {2013-01-13 22:11:14 +0000},
	Publisher = {MIT Press},
	Title = {Change in View: Principles of Reasoning},
	Year = {1986}}

@article{meyer,
	Author = {Meyer, Robert K.\},
	Date-Added = {2013-01-13 22:07:57 +0000},
	Date-Modified = {2013-01-13 22:08:34 +0000},
	Journal = {The Journal of Philosophy},
	Number = {21},
	Pages = {808-818},
	Title = {Entailment},
	Volume = {68},
	Year = {1971}}

@article{korb,
	Author = {Korb, K.\ B.\},
	Date-Added = {2013-01-13 20:59:29 +0000},
	Date-Modified = {2013-01-13 21:00:32 +0000},
	Journal = {PSA: Proceedings of the Biennial Meeting of the Philosophy of Science Association},
	Pages = {230-236},
	Title = {The collapse of collective defeat: Lessons from the lottery paradox},
	Volume = {1},
	Year = {1992}}

@article{chandlerlottery,
	Author = {Chandler, Jake},
	Date-Added = {2013-01-13 20:37:54 +0000},
	Date-Modified = {2013-01-13 20:38:20 +0000},
	Journal = {The British Journal for the Philosophy of Science},
	Number = {3},
	Pages = {667-679},
	Title = {The Lottery Paradox Generalized?},
	Volume = {61},
	Year = {2010}}

@article{rossschroeder,
	Author = {Ross, Jacob and Schroeder, Mark},
	Date-Added = {2013-01-07 12:46:32 +0000},
	Date-Modified = {2013-01-07 12:47:02 +0000},
	Journal = {Philosophy and Phenomenological Research},
	Title = {Belief, Credence, and Pragmatic Encroachment},
	Year = {2011}}

@article{willtobelieve,
	Author = {James, William},
	Date-Added = {2013-01-06 11:11:44 +0000},
	Date-Modified = {2013-01-06 11:12:50 +0000},
	Journal = {The New World},
	Pages = {327-347},
	Title = {The Will to Believe},
	Volume = {5},
	Year = {1896}}

@article{truthlove,
	Author = {Easwaran, Kenny},
	Date-Added = {2013-01-06 11:02:00 +0000},
	Date-Modified = {2015-10-02 16:08:20 +0000},
	Journal = {No\^{u}s},
	Title = {Dr.\ {T}ruthlove, or, How {I} Learned to Stop Worrying and Love {B}ayesian Probability},
	Year = {2015}}

@incollection{bcef,
	Author = {Briggs, Rachael and Cariani, Fabrizio and Easwaran, Kenny and Fitelson, Branden},
	Booktitle = {Essays in Collective Epistemology},
	Date-Added = {2013-01-06 11:00:37 +0000},
	Date-Modified = {2014-10-30 20:36:52 +0000},
	Editor = {Jennifer Lackey},
	Publisher = {Oxford University Press},
	Title = {Individual Coherence and Group Coherence},
	Year = {2014}}

@article{smithlottery,
	Author = {Smith, Martin},
	Date-Added = {2013-01-06 10:20:30 +0000},
	Date-Modified = {2013-01-06 10:21:04 +0000},
	Journal = {The British Journal for the Philosophy of Science},
	Number = {4},
	Pages = {821-831},
	Title = {A Generalised Lottery Paradox for Infinite Probability Spaces},
	Volume = {61},
	Year = {2010}}

@book{kyburg1961,
	Author = {Kyburg, Henry},
	Date-Added = {2013-01-06 10:08:53 +0000},
	Date-Modified = {2013-01-06 10:09:25 +0000},
	Publisher = {Wesleyan University Press},
	Title = {Probability and the Logic of Rational Belief},
	Year = {1961}}

@article{leitgebstability,
	Author = {Leitgeb, Hannes},
	Date-Added = {2013-01-06 09:42:15 +0000},
	Date-Modified = {2014-10-30 20:34:43 +0000},
	Journal = {The Philosophical Review},
	Number = {2},
	Pages = {131-171},
	Title = {The Stability Theory of Belief},
	Volume = {123},
	Year = {2014}}

@article{acpcore,
	Author = {Arl\'{o} Costa, Horacio and Pedersen, Arthur Paul},
	Date-Added = {2013-01-05 20:02:52 +0000},
	Date-Modified = {2014-10-30 20:33:51 +0000},
	Journal = {International Journal of Approximate Reasoning},
	Number = {3},
	Pages = {293-315},
	Title = {Belief and Probability: A General Theory of Probability Cores},
	Volume = {53},
	Year = {2012}}

@article{weathersonprag,
	Author = {Weatherson, Brian},
	Date-Added = {2013-01-05 19:29:39 +0000},
	Date-Modified = {2013-01-05 19:30:20 +0000},
	Journal = {Philosophical Perspectives},
	Number = {1},
	Pages = {417-443},
	Title = {Can We Do Without Pragmatic Encroachment?},
	Volume = {19},
	Year = {2005}}

@incollection{wolfman,
	Author = {Jeffrey, Richard},
	Booktitle = {Induction, Acceptance, and Rational Belief},
	Date-Added = {2013-01-05 16:49:36 +0000},
	Date-Modified = {2013-01-06 11:11:02 +0000},
	Editor = {Swain, Marshall},
	Publisher = {Dordrecht: Reidel},
	Title = {Dracula Meets Wolfman: Acceptance vs.\ Partial Belief},
	Year = {1970}}

@book{keynes,
	Author = {Keynes, John Maynard},
	Date-Added = {2013-01-05 09:38:22 +0000},
	Date-Modified = {2013-01-05 09:39:21 +0000},
	Publisher = {Macmillan and co.},
	Title = {A Treatise on Probability},
	Year = {1921}}

@article{douvwill,
	Author = {Douven, Igor and Williamson, Timothy},
	Date-Added = {2013-01-04 18:37:31 +0000},
	Date-Modified = {2013-01-04 18:38:30 +0000},
	Journal = {The British Journal for the Philosophy of Science},
	Number = {4},
	Pages = {755-779},
	Title = {Generalizing the Lottery Paradox},
	Volume = {57},
	Year = {2006}}

@techreport{slaney,
	Author = {Slaney, John},
	Date-Added = {2013-01-04 13:54:36 +0000},
	Date-Modified = {2013-01-06 11:35:29 +0000},
	Institution = {Australian National University},
	Number = {TR-SRS-3-96},
	Title = {{KD45} is not a doxastic logic},
	Year = {1996}}

@article{epistemiclogic,
	Author = {Hendricks, Vincent and Symons, John},
	Date-Added = {2013-01-04 13:49:12 +0000},
	Date-Modified = {2013-01-04 13:49:52 +0000},
	Journal = {Stanford Encyclopedia of Philosophy},
	Title = {Epistemic Logic},
	Year = {2006}}

@article{levisubjunct,
	Author = {Levi, Isaac},
	Date-Added = {2012-12-28 19:06:33 +0000},
	Date-Modified = {2012-12-28 19:07:03 +0000},
	Journal = {Synthese},
	Number = {4},
	Pages = {423-455},
	Title = {Subjunctives, Dispositions, and Chances},
	Volume = {34},
	Year = {1977}}

@article{lewistriv,
	Author = {Lewis, David},
	Date-Added = {2012-12-27 20:27:55 +0000},
	Date-Modified = {2012-12-27 20:28:18 +0000},
	Journal = {The Philosophical Review},
	Number = {3},
	Pages = {297-315},
	Title = {Probabilities of Conditionals and Conditional Probabilities},
	Volume = {85},
	Year = {1976}}

@article{adamsfall,
	Author = {H\'{a}jek, Alan},
	Date-Added = {2012-12-27 20:26:18 +0000},
	Date-Modified = {2012-12-27 20:26:53 +0000},
	Journal = {Journal of Logic, Language, and Information},
	Number = {2},
	Pages = {145-161},
	Title = {The Fall of ``{A}dams' {T}hesis''?},
	Volume = {21},
	Year = {2012}}

@book{whittle,
	Author = {Whittle, Peter},
	Date-Added = {2012-12-27 20:24:41 +0000},
	Date-Modified = {2012-12-27 20:25:20 +0000},
	Publisher = {Springer-Verlag},
	Title = {Probability via Expectation},
	Year = {2000}}

@article{adamslogic,
	Author = {Adams, Ernest},
	Date-Added = {2012-12-27 20:16:31 +0000},
	Date-Modified = {2012-12-27 20:16:52 +0000},
	Journal = {Inquiry},
	Pages = {166-197},
	Title = {The Logic of Conditionals},
	Volume = {8},
	Year = {1965}}

@book{adamsprimer,
	Author = {Adams, Ernest},
	Date-Added = {2012-12-27 20:16:09 +0000},
	Date-Modified = {2012-12-27 20:16:26 +0000},
	Publisher = {CSLI},
	Title = {A Primer of Probability Logic},
	Year = {1998}}

@book{adams,
	Author = {Adams, Ernest},
	Date-Added = {2012-12-27 20:14:30 +0000},
	Date-Modified = {2012-12-27 20:15:21 +0000},
	Publisher = {Dordrecht: Reidel},
	Title = {The Logic of Conditionals: an Application of Probability to Deductive Logic},
	Year = {1975}}

@article{generalizedprobabilism,
	Author = {Williams, J.\ Robert G.},
	Date-Added = {2012-12-27 19:25:12 +0000},
	Date-Modified = {2012-12-27 19:26:04 +0000},
	Journal = {Journal of Philosophical Logic},
	Number = {5},
	Pages = {811-840},
	Title = {Generalized Probabilism: {D}utch Books and Accuracy Domination},
	Volume = {41},
	Year = {2012}}

@article{renyinew,
	Author = {R\'{e}nyi, Alfred},
	Date-Added = {2012-12-14 18:46:50 +0000},
	Date-Modified = {2012-12-14 18:47:36 +0000},
	Journal = {Acta Mathematica Hungarica},
	Pages = {285-335},
	Title = {On a new axiomatic theory of probability},
	Year = {1955}}

@incollection{fieldcausation,
	Author = {Field, Hartry},
	Booktitle = {Oxford Handbook of Metaphysics},
	Date-Added = {2012-09-14 19:04:03 +0000},
	Date-Modified = {2012-09-14 19:04:52 +0000},
	Editor = {Loux, Michael and Zimmerman, Dean},
	Pages = {435-460},
	Publisher = {Oxford University Press},
	Title = {Causation in a physical world},
	Year = {2003}}

@book{langebook,
	Author = {Lange, Mark},
	Date-Added = {2012-09-14 18:41:42 +0000},
	Date-Modified = {2012-09-14 18:42:05 +0000},
	Publisher = {Blackwell},
	Title = {An Introduction to the Philosophy of Physics},
	Year = {2002}}

@article{stabilityofmatter,
	Author = {Lieb, Elliott},
	Date-Added = {2012-09-08 19:24:23 +0000},
	Date-Modified = {2012-09-08 19:24:48 +0000},
	Journal = {Bulletin of the American Mathematical Society},
	Number = {1},
	Pages = {1-49},
	Title = {The Stability of Matter: from Atoms to Stars},
	Volume = {22},
	Year = {1990}}

@article{langegrounding,
	Author = {Lange, Mark},
	Date-Added = {2012-09-08 19:00:52 +0000},
	Date-Modified = {2012-09-08 19:01:16 +0000},
	Journal = {Philosophical Studies},
	Title = {Grounding, scientific explanation, and {H}umean laws},
	Year = {2012}}

@article{beyondturing,
	Author = {Copeland, B. Jack and Sylvan, Richard},
	Date-Added = {2012-08-03 18:54:53 +0000},
	Date-Modified = {2012-08-03 18:55:24 +0000},
	Journal = {Australasian Journal of Philosophy},
	Number = {1},
	Pages = {46-66},
	Title = {Beyond the universal {T}uring machine},
	Volume = {77},
	Year = {1999}}

@article{piccininictt,
	Author = {Piccinini, Gualtiero},
	Date-Added = {2012-08-03 18:41:52 +0000},
	Date-Modified = {2012-08-03 18:42:47 +0000},
	Journal = {Synthese},
	Pages = {97-120},
	Title = {Computationalism, the {C}hurch-{T}uring Thesis, and the {C}hurch-{T}uring Fallacy},
	Volume = {154},
	Year = {2007}}

@article{myrvoldepistemicvalue,
	Author = {Myrvold, Wayne},
	Date-Added = {2012-07-18 20:31:42 +0000},
	Date-Modified = {2012-07-18 20:34:19 +0000},
	Journal = {Synthese},
	Title = {Epistemic values and the value of learning},
	Year = {2010}}

@article{meyervelocity,
	Author = {Meyer, Ulrich},
	Date-Added = {2012-06-17 20:44:52 +0000},
	Date-Modified = {2012-06-17 20:45:12 +0000},
	Journal = {Philosophical Studies},
	Number = {1},
	Pages = {93-102},
	Title = {The metaphysics of velocity},
	Volume = {112},
	Year = {2003}}

@article{carrollinstant,
	Author = {Carroll, John},
	Date-Added = {2012-06-17 20:44:18 +0000},
	Date-Modified = {2012-06-17 20:44:41 +0000},
	Journal = {Philosophical Studies},
	Number = {1},
	Pages = {49-67},
	Title = {Instantaneous Motion},
	Volume = {110},
	Year = {2002}}

@unpublished{harrington,
	Author = {Harrington, James},
	Date-Added = {2012-06-17 19:30:27 +0000},
	Date-Modified = {2012-08-16 19:59:41 +0000},
	Note = {http://philsci-archive.pitt.edu/8675/},
	Title = {Instants and Instantaneous Velocity},
	Year = {ms.}}

@book{bigparg,
	Author = {Bigelow, John and Pargetter, Robert},
	Date-Added = {2012-06-17 18:15:58 +0000},
	Date-Modified = {2012-06-17 18:16:19 +0000},
	Publisher = {Cambridge University Press},
	Title = {Science and Necessity},
	Year = {1990}}

@article{arntzvelocity,
	Author = {Arntzenius, Frank},
	Date-Added = {2012-06-16 22:13:13 +0000},
	Date-Modified = {2012-06-16 22:13:40 +0000},
	Journal = {Monist},
	Number = {2},
	Pages = {187-208},
	Title = {Are there really instantaneous velocities?},
	Volume = {83},
	Year = {2000}}

@article{langevelocity,
	Author = {Lange, Mark},
	Date-Added = {2012-06-13 01:59:01 +0000},
	Date-Modified = {2012-06-13 01:59:40 +0000},
	Journal = {Philosophical Review},
	Number = {4},
	Pages = {433-468},
	Title = {How Can Instantaneous Velocity Fulfill Its Causal Role?},
	Volume = {114},
	Year = {2005}}

@article{luxemburg,
	Author = {Luxemburg, W. A.},
	Date-Added = {2012-06-12 18:53:25 +0000},
	Date-Modified = {2012-06-12 18:53:53 +0000},
	Journal = {The American Mathematical Monthly},
	Number = {6},
	Pages = {38-67},
	Title = {What is nonstandard analysis?},
	Volume = {80},
	Year = {1973}}

@article{kanoveishelah,
	Author = {Kanovei, Vladimir and Shelah, Saharon},
	Date-Added = {2012-06-12 18:48:13 +0000},
	Date-Modified = {2012-06-12 18:48:52 +0000},
	Journal = {Journal of Symbolic Logic},
	Pages = {159-164},
	Title = {A definable nonstandard model of the reals},
	Year = {2004}}

@article{boolos,
	Author = {Boolos, George},
	Date-Added = {2012-06-12 17:15:35 +0000},
	Date-Modified = {2012-06-12 17:15:59 +0000},
	Journal = {The Journal of Philosophy},
	Number = {8},
	Pages = {430-449},
	Title = {To be is to be a value of a variable (or to be some values of some variables)},
	Volume = {81},
	Year = {1984}}

@article{hofweber,
	Author = {Hofweber, Thomas},
	Date-Added = {2012-06-11 23:01:56 +0000},
	Date-Modified = {2012-06-12 01:05:13 +0000},
	Title = {In defense of infinitesimal chances},
	Year = {manuscript}}

@article{extendedmind,
	Author = {Clark, Andy and Chalmers, David},
	Date-Added = {2012-06-11 21:36:18 +0000},
	Date-Modified = {2012-06-11 21:36:47 +0000},
	Journal = {Analysis},
	Pages = {10-23},
	Title = {The Extended Mind},
	Volume = {58},
	Year = {1998}}

@article{suspjudg,
	Author = {Friedman, Jane},
	Date-Added = {2012-05-23 20:18:21 +0000},
	Date-Modified = {2012-05-23 20:18:36 +0000},
	Journal = {Philosophical Studies},
	Title = {Suspended Judgment},
	Year = {2012}}

@article{rumfitt,
	Author = {Rumfitt, Ian},
	Date-Added = {2012-05-23 20:16:19 +0000},
	Date-Modified = {2016-09-23 21:34:11 +0000},
	Journal = {Mind},
	Pages = {781-823},
	Title = {``Yes'' and ``No''},
	Volume = {109},
	Year = {2000}}

@article{linkelly,
	Author = {Lin, Hanti and Kelly, Kevin},
	Date-Added = {2012-05-23 19:45:05 +0000},
	Date-Modified = {2013-01-06 10:43:50 +0000},
	Journal = {Journal of Philosophical Logic},
	Number = {6},
	Pages = {957-981},
	Title = {Propositional Reasoning that Tracks Probabilistic Reasoning},
	Volume = {41},
	Year = {2012}}

@book{buchak,
	Author = {Buchak, Lara},
	Date-Added = {2012-05-23 19:34:51 +0000},
	Date-Modified = {2013-02-28 21:53:54 +0000},
	Publisher = {Oxford University Press},
	Title = {Risk and Rationality},
	Year = {2013}}

@article{rationalpreference,
	Author = {Dreier, Jamie},
	Date-Added = {2012-05-20 20:05:21 +0000},
	Date-Modified = {2012-05-20 20:05:50 +0000},
	Journal = {Theory and Decision},
	Number = {3},
	Pages = {249-276},
	Title = {Rational Preference: {D}ecision theory as a theory of practical rationality},
	Volume = {40},
	Year = {1996}}

@article{againstrep,
	Author = {Meacham, Christopher and Weisberg, Jonathan},
	Date-Added = {2012-05-20 20:02:05 +0000},
	Date-Modified = {2012-05-20 20:03:28 +0000},
	Journal = {Australasian Journal of Philosophy},
	Number = {4},
	Pages = {641-663},
	Title = {Representation Theorems and the Foundations of Decision Theory},
	Volume = {89},
	Year = {2011}}

@article{kolodnycoherence,
	Author = {Kolodny, Niko},
	Date-Added = {2012-05-19 01:40:56 +0000},
	Date-Modified = {2012-05-19 01:41:27 +0000},
	Journal = {Proceedings of the Aristotelian Society},
	Pages = {229-263},
	Title = {How Does Coherence Matter?},
	Volume = {107},
	Year = {2007}}

@article{percival,
	Author = {Percival, Philip},
	Date-Added = {2012-05-16 21:14:19 +0000},
	Date-Modified = {2012-05-16 21:15:02 +0000},
	Journal = {Proceedings of the Aristotelian Society},
	Pages = {121-151},
	Title = {Epistemic Consequentialism},
	Year = {2002}}

@article{aimofbelief,
	Author = {Wedgwood, Ralph},
	Date-Added = {2012-05-16 20:51:23 +0000},
	Date-Modified = {2012-05-16 20:52:19 +0000},
	Journal = {Philosophical Perspectives},
	Pages = {267-297},
	Title = {The Aim of Belief},
	Volume = {16},
	Year = {2002}}

@article{elgasharp,
	Author = {Elga, Adam},
	Date-Added = {2012-05-11 02:20:34 +0000},
	Date-Modified = {2012-05-11 02:21:21 +0000},
	Journal = {Philosophers' Imprint},
	Number = {5},
	Title = {Subjective Probabilities Should Be Sharp},
	Volume = {10},
	Year = {2010}}

@article{ace,
	Author = {Easwaran, Kenny and Fitelson, Branden},
	Date-Added = {2012-05-11 01:23:49 +0000},
	Date-Modified = {2014-10-30 20:37:33 +0000},
	Journal = {Oxford Studies in Epistemology},
	Title = {Accuracy, Coherence, and Evidence},
	Volume = {5},
	Year = {2014}}

@article{bayes2,
	Author = {Easwaran, Kenny},
	Date-Added = {2012-05-11 01:23:17 +0000},
	Date-Modified = {2012-05-11 01:23:45 +0000},
	Journal = {Philosophy Compass},
	Number = {5},
	Pages = {321-332},
	Title = {Bayesianism {II}: {A}pplications and criticisms},
	Volume = {6},
	Year = {2011}}

@article{bayes1,
	Author = {Easwaran, Kenny},
	Date-Added = {2012-05-11 01:22:49 +0000},
	Date-Modified = {2012-05-11 01:23:15 +0000},
	Journal = {Philosophy Compass},
	Number = {5},
	Pages = {312-320},
	Title = {Bayesianism {I}: {I}ntroduction and arguments in favor},
	Volume = {6},
	Year = {2011}}

@article{talbott,
	Author = {Talbott, W. J.},
	Date-Added = {2012-02-13 23:35:52 +0000},
	Date-Modified = {2012-02-13 23:36:31 +0000},
	Journal = {Philosophical Studies},
	Number = {2},
	Pages = {135-150},
	Title = {Two Principles of {B}ayesian Epistemology},
	Volume = {62},
	Year = {1991}}

@book{mcclennen,
	Author = {McClennen, Edward},
	Date-Added = {2012-02-13 19:02:49 +0000},
	Date-Modified = {2012-02-13 19:03:12 +0000},
	Publisher = {Cambridge University Press},
	Title = {Rationality and Dynamic Choice: Foundational Explorations},
	Year = {1990}}

@article{fourproblems,
	Author = {Bradley, Darren},
	Date-Added = {2012-02-13 00:33:06 +0000},
	Date-Modified = {2012-02-13 00:33:36 +0000},
	Journal = {Philosophical Review},
	Title = {Four Problems about Self-Locating Belief},
	Year = {2012}}

@article{gauthier,
	Author = {Gauthier, David},
	Date-Added = {2012-01-18 00:35:18 +0000},
	Date-Modified = {2012-01-18 00:35:39 +0000},
	Journal = {Ethics},
	Number = {4},
	Pages = {690-721},
	Title = {Assure and Threaten},
	Volume = {104},
	Year = {1994}}

@article{hinchman,
	Author = {Hinchman, Edward},
	Date-Added = {2012-01-18 00:34:32 +0000},
	Date-Modified = {2012-01-18 00:34:54 +0000},
	Journal = {No\^{u}s},
	Number = {1},
	Pages = {25-51},
	Title = {Trust and Diachronic Agency},
	Volume = {37},
	Year = {2003}}

@article{montonpascal,
	Author = {Monton, Bradley},
	Date-Added = {2012-01-18 00:33:44 +0000},
	Date-Modified = {2012-01-18 00:34:10 +0000},
	Journal = {Analysis},
	Number = {4},
	Pages = {642-645},
	Title = {Mixed strategies can't evade {P}ascal's {W}ager},
	Volume = {71},
	Year = {2011}}

@article{evidentialist,
	Author = {Easwaran, Kenny and Fitelson, Branden},
	Date-Added = {2012-01-18 00:22:08 +0000},
	Date-Modified = {2015-04-22 23:19:31 +0000},
	Journal = {Dialectica},
	Number = {3},
	Pages = {425-433},
	Title = {An `Evidentialist' Worry for {J}oyce's Argument for Probabilism},
	Volume = {66},
	Year = {2012}}

@article{fregecredence,
	Author = {Chalmers, David},
	Date-Added = {2012-01-05 17:39:04 -0800},
	Date-Modified = {2012-01-05 17:39:43 -0800},
	Journal = {Mind},
	Number = {479},
	Pages = {587-635},
	Title = {{F}rege's {P}uzzle and the objects of credence},
	Volume = {120},
	Year = {2011}}

@article{judybenj,
	Author = {van Fraassen, Bas},
	Date-Added = {2012-01-03 20:51:38 +0000},
	Date-Modified = {2012-01-03 20:52:07 +0000},
	Journal = {The British Journal for the Philosophy of Science},
	Number = {4},
	Pages = {375-379},
	Title = {A problem for relative information minimizers in probability kinematics},
	Volume = {32},
	Year = {1981}}

@article{hill,
	Author = {Hill, Bruce M.},
	Date-Added = {2012-01-02 21:42:49 +0000},
	Date-Modified = {2012-01-02 21:51:21 +0000},
	Journal = {Trabajos de estad\'{i}stica y de investigaci\'{o}n operativa},
	Number = {1},
	Pages = {39-66},
	Title = {On some statistical paradoxes and non-conglomerability},
	Volume = {31},
	Year = {1980}}

@incollection{testimonyautonomy,
	Author = {Fricker, Elizabeth},
	Booktitle = {The Epistemology of Testimony},
	Date-Added = {2011-11-28 16:38:48 -0800},
	Date-Modified = {2011-11-28 16:40:13 -0800},
	Editor = {Lackey, Jennifer and Sosa, Ernest},
	Publisher = {Oxford University Press},
	Title = {Testimony and Epistemic Autonomy},
	Year = {2006}}

@incollection{martybarrett,
	Author = {Barrett, Martin},
	Booktitle = {The Place of Probability in Science},
	Date-Added = {2011-08-26 19:50:59 -0700},
	Date-Modified = {2011-08-26 19:52:26 -0700},
	Editor = {Eells, Ellery and Fetzer, J. H.},
	Pages = {65-79},
	Publisher = {Springer},
	Series = {Boston Studies in the Philosophy of Science},
	Title = {The Possibility of Infinitesimal Chances},
	Year = {2010}}

@article{leitgebpettigrew,
	Author = {Leitgeb, Hannes and Pettigrew, Richard},
	Date-Added = {2011-08-17 19:37:52 -0700},
	Date-Modified = {2012-05-16 21:22:42 +0000},
	Journal = {Philosophy of Science},
	Pages = {201-235},
	Title = {An objective justification of {B}ayesianism {I}: Measuring inaccuracy},
	Volume = {77},
	Year = {2010}}

@incollection{causation,
	Author = {Lewis, David},
	Booktitle = {Philosophical Papers, Volume 2},
	Date-Added = {2011-08-15 16:04:39 -0700},
	Date-Modified = {2011-08-15 16:21:12 -0700},
	Journal = {Journal of Philosophy},
	Pages = {172-213},
	Publisher = {Oxford University Press},
	Title = {Postscripts to ``Causation''},
	Year = {1987}}

@article{ananswer,
	Author = {Awodey, Steve},
	Date-Added = {2011-08-15 15:57:44 -0700},
	Date-Modified = {2011-08-15 15:58:38 -0700},
	Journal = {Philosophia Mathematica},
	Title = {An answer to {H}ellman's question: ``{D}oes category theory provide a framework for mathematical structuralism?''},
	Volume = {11},
	Year = {2003}}

@article{doescategory,
	Author = {Hellman, Geoffrey},
	Date-Added = {2011-08-15 15:56:23 -0700},
	Date-Modified = {2011-08-15 15:57:40 -0700},
	Journal = {Philosophia Mathematica},
	Title = {Does category theory provide a framework for mathematical structuralism?},
	Volume = {11},
	Year = {2003}}

@incollection{detLR,
	Author = {Neeman, Itay},
	Booktitle = {Handbook of Set Theory},
	Date-Added = {2011-08-15 15:47:55 -0700},
	Date-Modified = {2011-08-15 15:50:22 -0700},
	Editor = {Foreman, Matthew and Kanamori, Akihiro},
	Pages = {1887-1950},
	Publisher = {Springer},
	Title = {Determinacy in ${L}(\mathbb{R})$},
	Year = {2010}}

@book{godelL,
	Author = {G\"{o}del, Kurt},
	Date-Added = {2011-08-13 17:33:13 -0700},
	Date-Modified = {2011-08-13 17:37:09 -0700},
	Publisher = {Princeton University Press},
	Title = {The Consistency of the Continuum Hypothesis},
	Year = {1940}}

@article{tarski,
	Author = {Tarski, Alfred},
	Date-Added = {2011-08-13 17:26:22 -0700},
	Date-Modified = {2011-08-13 17:28:59 -0700},
	Journal = {Studia Philosophica},
	Number = {261-405},
	Title = {Der {W}ahrheitsbregriff in den formalisierten {S}prachen},
	Volume = {1},
	Year = {1933}}

@article{CPandI,
	Author = {Skyrms, Brian},
	Date-Added = {2011-07-27 14:07:37 -0700},
	Date-Modified = {2011-07-27 14:08:17 -0700},
	Journal = {Philosophical Issues},
	Pages = {215-226},
	Title = {Coherence, Probability and Induction},
	Volume = {2},
	Year = {1992}}

@article{agm,
	Author = {C. E. Alchourr\`{o}n and P. G\"{a}rdenfors and D. Makinson},
	Date-Added = {2011-07-27 13:48:53 -0700},
	Date-Modified = {2011-07-27 13:53:32 -0700},
	Journal = {Journal of Symbolic Logic},
	Pages = {510-530},
	Title = {On the logic of theory change: Partial meet contraction and revision functions},
	Volume = {50},
	Year = {1985}}

@article{internalset,
	Author = {Nelson, Edward},
	Date-Added = {2011-07-27 12:13:04 -0700},
	Date-Modified = {2011-07-27 12:13:39 -0700},
	Journal = {Bulletin of the American Mathematical Society},
	Number = {6},
	Pages = {1165-1198},
	Title = {Internal set theory: A new approach to nonstandard analysis},
	Volume = {83},
	Year = {1977}}

@book{balaguer,
	Author = {Balaguer, Mark},
	Date-Added = {2011-04-26 22:13:57 -0700},
	Date-Modified = {2011-04-26 22:14:53 -0700},
	Publisher = {Oxford University Press},
	Title = {Platonism and Anti-Platonism in Mathematics},
	Year = {1998}}

@article{natplat,
	Author = {Zalta, Edward and Linsky, Bernard},
	Date-Added = {2011-04-26 22:12:39 -0700},
	Date-Modified = {2011-04-26 22:13:24 -0700},
	Journal = {The Journal of Philosophy},
	Pages = {525-555},
	Title = {Naturalized Platonism vs.\ Platonized Naturalism},
	Year = {1995}}

@article{maclane,
	Author = {Mac Lane, Saunders},
	Date-Added = {2011-04-26 21:26:11 -0700},
	Date-Modified = {2011-04-26 21:26:55 -0700},
	Journal = {Synthese},
	Number = {111},
	Pages = {147-154},
	Title = {Despite Physicists, Proof is Essential in Mathematics},
	Year = {1997}}

@article{roleofaxioms,
	Author = {Easwaran, Kenny},
	Date-Added = {2011-04-26 19:17:20 -0700},
	Date-Modified = {2011-04-26 19:17:53 -0700},
	Journal = {Erkenntnis},
	Number = {68},
	Pages = {381-391},
	Title = {The Role of Axioms in Mathematics},
	Year = {2008}}

@article{mahernewtheories,
	Author = {Maher, Patrick},
	Date-Added = {2010-08-31 16:45:00 -0700},
	Date-Modified = {2010-08-31 16:45:26 -0700},
	Journal = {Philosophical Studies},
	Pages = {103-115},
	Title = {Probabilities for New Theories},
	Volume = {77},
	Year = {1995}}

@book{royall,
	Author = {Royall, Richard},
	Date-Added = {2010-08-31 16:22:52 -0700},
	Date-Modified = {2010-08-31 16:23:18 -0700},
	Publisher = {Chapman and Hall},
	Title = {Statistical Evidence: A Likelihood Paradigm},
	Year = {1997}}

@book{halpernuncertainty,
	Author = {Halpern, Joseph},
	Date-Added = {2010-08-31 16:17:12 -0700},
	Date-Modified = {2010-08-31 16:17:32 -0700},
	Publisher = {MIT Press},
	Title = {Reasoning about Uncertainty},
	Year = {2003}}

@article{zadehpossibility,
	Author = {Zadeh, Lotfi},
	Date-Added = {2010-08-31 16:15:08 -0700},
	Date-Modified = {2010-08-31 16:15:49 -0700},
	Journal = {Fuzzy Sets and Systems},
	Number = {1},
	Pages = {3-28},
	Title = {Fuzzy Sets as the Basis for a Theory of Possibility},
	Volume = {1},
	Year = {1978}}

@book{walley,
	Author = {Walley, Peter},
	Date-Added = {2010-08-31 16:14:18 -0700},
	Date-Modified = {2010-08-31 16:14:42 -0700},
	Publisher = {Chapman and Hall},
	Title = {Statistical Reasoning with Imprecise Probabilities},
	Year = {1991}}

@book{shafer,
	Author = {Shafer, Glenn},
	Date-Added = {2010-08-31 16:11:02 -0700},
	Date-Modified = {2010-08-31 16:18:26 -0700},
	Publisher = {Princeton University Press},
	Title = {A Mathematical Theory of Evidence},
	Year = {1976}}

@article{mushycredence,
	Author = {White, Roger},
	Date-Added = {2010-08-31 16:09:19 -0700},
	Date-Modified = {2010-08-31 16:09:38 -0700},
	Journal = {Oxford Studies in Epistemology},
	Title = {Evidential Symmetry and Mushy Credence},
	Year = {2009}}

@book{puttinglogic,
	Author = {Christensen, David},
	Date-Added = {2010-08-31 15:51:55 -0700},
	Date-Modified = {2010-08-31 15:52:27 -0700},
	Publisher = {Oxford},
	Title = {Putting Logic in its Place: Formal Constraints on Rational Belief},
	Year = {2004}}

@article{cleverbookies,
	Author = {Christensen, David},
	Date-Added = {2010-08-31 15:06:22 -0700},
	Date-Modified = {2010-08-31 15:06:58 -0700},
	Journal = {The Philosophical Review},
	Number = {2},
	Pages = {229-247},
	Title = {Clever Bookies and Coherent Beliefs},
	Volume = {100},
	Year = {1991}}

@article{reflecdisagr,
	Author = {Elga, Adam},
	Date-Added = {2010-08-31 15:05:41 -0700},
	Date-Modified = {2010-08-31 15:06:02 -0700},
	Journal = {No\^{u}s},
	Number = {3},
	Pages = {478-502},
	Title = {Reflection and Disagreement},
	Volume = {41},
	Year = {2007}}

@article{realistic,
	Author = {Hacking, Ian},
	Date-Added = {2010-06-21 16:25:37 -0700},
	Date-Modified = {2010-06-21 16:26:25 -0700},
	Journal = {Philosophy of Science},
	Month = {December},
	Number = {4},
	Pages = {311-325},
	Title = {Slightly More Realistic Personal Probability},
	Volume = {34},
	Year = {1967}}

@book{infmalanalysis,
	Author = {Bell, John L.},
	Date-Added = {2010-06-07 13:05:27 -0700},
	Date-Modified = {2010-06-07 13:06:03 -0700},
	Publisher = {Cambridge University Press},
	Title = {A Primer of Infinitesimal Analysis},
	Year = {1998}}

@book{realthing,
	Author = {Richard Jeffrey},
	Date-Added = {2010-06-01 20:11:48 -0700},
	Date-Modified = {2010-06-01 20:12:31 -0700},
	Publisher = {Cambridge University Press},
	Title = {Subjective Probability: The Real Thing},
	Year = {2004}}

@article{holder,
	Author = {Holder, Rodney},
	Date-Added = {2010-04-09 21:19:12 -0700},
	Date-Modified = {2010-04-09 21:19:43 -0700},
	Journal = {No\^{u}s},
	Number = {2},
	Pages = {295-312},
	Title = {Fine-Tuning, Multiple Universes and Theism},
	Volume = {36},
	Year = {2002}}

@article{leitgebpettigrew2,
	Author = {Leitgeb, Hannes and Pettigrew, Richard},
	Date-Added = {2010-03-13 15:27:48 -0800},
	Date-Modified = {2012-05-16 21:22:50 +0000},
	Journal = {Philosophy of Science},
	Pages = {236-272},
	Title = {An objective justification of {B}ayesianism {II}: The Consequences of Minimizing Inaccuracy},
	Volume = {77},
	Year = {2010}}

@incollection{joyceacc,
	Author = {Joyce, James},
	Booktitle = {Degrees of Belief},
	Date-Added = {2010-02-07 23:27:37 -0800},
	Date-Modified = {2010-02-07 23:30:34 -0800},
	Pages = {263-297},
	Publisher = {Springer},
	Series = {Synthese Library},
	Title = {Accuracy and Coherence: Prospects for an Alethic Epistemology of Partial Belief},
	Volume = {342},
	Year = {2009}}

@inproceedings{acceptwobelief,
	Author = {Maher, Patrick},
	Booktitle = {PSA: Proceedings of the Biennial Meeting of the Philosophy of Science Association},
	Date-Added = {2009-10-09 19:59:05 +1100},
	Date-Modified = {2009-10-09 20:00:43 +1100},
	Pages = {381-392},
	Publisher = {University of Chicago Press},
	Title = {Acceptance Without Belief},
	Volume = {1},
	Year = {1990}}

@article{stalnaker,
	Author = {Stalnaker, Robert},
	Date-Added = {2009-10-07 15:45:00 +1100},
	Date-Modified = {2009-10-07 15:45:38 +1100},
	Journal = {Philosophy of Science},
	Month = {March},
	Number = {1},
	Pages = {64-80},
	Title = {Probability and Conditionals},
	Volume = {37},
	Year = {1970}}

@article{cauchyandcontinuum,
	Author = {Lakatos, Imre},
	Date-Added = {2009-10-07 15:44:10 +1100},
	Date-Modified = {2009-10-07 15:44:43 +1100},
	Journal = {The Mathematical Intelligencer},
	Number = {3},
	Pages = {151-161},
	Title = {Cauchy and the Continuum},
	Volume = {1},
	Year = {1978}}

@article{kemeny,
	Author = {Kemeny, John},
	Date-Added = {2009-10-07 15:43:12 +1100},
	Date-Modified = {2009-10-07 15:43:50 +1100},
	Journal = {The Journal of Symbolic Logic},
	Month = {September},
	Number = {3},
	Pages = {263-273},
	Title = {Fair Bets and Inductive Probabilities},
	Volume = {20},
	Year = {1955}}

@incollection{parikhparnes,
	Author = {Parikh, Robert and Parnes, Milton},
	Booktitle = {Victoria Symposium on Nonstandard Analysis},
	Date-Added = {2009-10-04 23:03:36 +1100},
	Date-Modified = {2009-10-04 23:04:25 +1100},
	Editor = {Hurd, Albert and Loeb, Peter},
	Publisher = {Springer-Verlag},
	Title = {Conditional Probabilities and Uniform Sets},
	Year = {1974}}

@incollection{hooverregularity,
	Author = {Hoover, Douglas},
	Booktitle = {Studies in Inductive Logic and Probability},
	Chapter = {14},
	Date-Added = {2009-10-04 23:01:36 +1100},
	Date-Modified = {2009-10-04 23:02:22 +1100},
	Editor = {Carnap, Rudolf and Jeffrey, Richard},
	Pages = {295-297},
	Title = {A Note on Regularity},
	Volume = {II},
	Year = {1980}}

@incollection{generalconcept,
	Author = {Carnap, Rudolf},
	Booktitle = {Studies in Inductive Logic and Probability},
	Chapter = {21},
	Date-Added = {2009-10-04 22:35:14 +1100},
	Date-Modified = {2009-10-04 22:36:31 +1100},
	Editor = {Carnap, Rudolf and Jeffrey, Richard},
	Pages = {145-155},
	Title = {The Problem of a More General Concept of Regularity},
	Volume = {2},
	Year = {1980}}

@article{kavka,
	Author = {Kavka, Gregory},
	Date-Added = {2009-08-26 15:06:17 +1000},
	Date-Modified = {2009-08-26 15:07:17 +1000},
	Journal = {Analysis},
	Pages = {33-36},
	Title = {The Toxin Puzzle},
	Volume = {43},
	Year = {1983}}

@article{lindley,
	Author = {Lindley, Dennis},
	Date-Added = {2009-08-26 15:02:28 +1000},
	Date-Modified = {2009-08-26 15:03:09 +1000},
	Journal = {International Statistical Review},
	Month = {April},
	Number = {1},
	Pages = {1-11},
	Title = {Scoring Rules and the Inevitability of Probability},
	Volume = {50},
	Year = {1982}}

@article{debugged,
	Author = {Lewis, David},
	Date-Added = {2009-07-01 21:57:36 +1000},
	Date-Modified = {2009-07-01 21:58:05 +1000},
	Journal = {Mind},
	Number = {412},
	Pages = {473-490},
	Title = {Humean Supervenience Debugged},
	Volume = {109},
	Year = {1994}}

@book{swinburnejust,
	Author = {Swinburne, Richard},
	Date-Added = {2009-05-21 11:45:13 -0700},
	Date-Modified = {2009-05-21 11:45:37 -0700},
	Publisher = {Oxford},
	Title = {Epistemic Justification},
	Year = {2001}}

@article{nortondisassembled,
	Author = {Norton, John},
	Date-Added = {2009-05-21 11:33:25 -0700},
	Date-Modified = {2009-05-21 11:33:51 -0700},
	Journal = {British Journal for the Philosophy of Science},
	Pages = {141-171},
	Title = {Probability Disassembled},
	Volume = {58},
	Year = {2007}}

@article{dab2,
	Author = {Lewis, David},
	Date-Added = {2009-05-21 11:29:33 -0700},
	Date-Modified = {2013-01-21 19:47:29 +0000},
	Journal = {Mind},
	Month = {April},
	Number = {418},
	Pages = {303-313},
	Title = {Desire as Belief {II}},
	Volume = {105},
	Year = {1996}}

@article{smith,
	Author = {Smith, Cedric},
	Date-Added = {2009-05-20 12:19:11 -0700},
	Date-Modified = {2009-05-20 12:20:03 -0700},
	Journal = {Journal of the Royal Statistical Society. Series B (Methodological)},
	Number = {1},
	Pages = {1-37},
	Title = {Consistency in Statistical Inference and Decision},
	Volume = {23},
	Year = {1961}}

@article{strongweak,
	Author = {Easwaran, Kenny},
	Date-Added = {2009-03-20 16:14:01 -0700},
	Date-Modified = {2009-03-20 16:14:48 -0700},
	Journal = {Mind},
	Number = {467},
	Pages = {633-641},
	Title = {Strong and Weak Expectations},
	Volume = {117},
	Year = {2008}}

@article{shimony,
	Author = {Shimony, Abner},
	Date-Added = {2009-03-16 11:24:39 -0700},
	Date-Modified = {2009-10-07 15:42:39 +1100},
	Journal = {The Journal of Symbolic Logic},
	Month = {March},
	Number = {1},
	Pages = {1-28},
	Title = {Coherence and the Axioms of Confirmation},
	Volume = {20},
	Year = {1955}}

@article{infchances,
	Author = {Elga, Adam},
	Date-Added = {2009-03-02 14:57:57 -0800},
	Date-Modified = {2009-03-02 14:58:30 -0800},
	Journal = {Australasian Journal of Philosophy},
	Month = {March},
	Number = {1},
	Pages = {67-76},
	Title = {Infinitesimal Chances and the Laws of Nature},
	Volume = {82},
	Year = {2004}}

@article{weintraub,
	Author = {Weintraub, Ruth},
	Date-Added = {2009-01-30 15:17:30 -0800},
	Date-Modified = {2009-01-30 15:18:07 -0800},
	Journal = {Analysis},
	Month = {July},
	Number = {3},
	Pages = {247-250},
	Title = {How Probable is an Infinite Sequence of Heads? A reply to {W}illiamson},
	Volume = {68},
	Year = {2008}}

@book{fixingfrege,
	Author = {Burgess, John},
	Date-Added = {2009-01-30 00:00:54 -0800},
	Date-Modified = {2009-01-30 00:01:23 -0800},
	Publisher = {Princeton University Press},
	Title = {Fixing Frege},
	Year = {2005}}

@book{skyrms1980,
	Author = {Skyrms, Brian},
	Date-Added = {2009-01-29 23:58:26 -0800},
	Date-Modified = {2009-01-29 23:58:50 -0800},
	Publisher = {Yale University Press},
	Title = {Causal Necessity},
	Year = {1980}}

@incollection{bernwatt,
	Author = {Bernstein, A. R. and Wattenberg, F.},
	Booktitle = {Applications of Model Theory of Algebra, Analysis, and Probability},
	Date-Added = {2009-01-29 23:56:58 -0800},
	Date-Modified = {2009-01-29 23:59:49 -0800},
	Editor = {W. A. J. Luxemburg},
	Publisher = {Holt, Rinehard and Winston},
	Title = {Non-standard measure theory},
	Year = {1969}}

@book{changkeisler,
	Author = {Chang, Chen Chung and Keisler, H. Jerome},
	Date-Added = {2009-01-29 23:52:17 -0800},
	Date-Modified = {2009-01-29 23:55:07 -0800},
	Publisher = {Elsevier},
	Title = {Model Theory},
	Year = {1977}}

@article{popcond,
	Author = {Popper, Karl},
	Date-Added = {2009-01-29 23:40:00 -0800},
	Date-Modified = {2009-01-29 23:40:30 -0800},
	Journal = {The British Journal for the Philosophy of Science},
	Month = {May},
	Number = {21},
	Pages = {51-57},
	Title = {Two Autonomous Axiom Systems for the Calculus of Probabilities},
	Volume = {6},
	Year = {1955}}

@book{onag,
	Author = {Conway, John},
	Date-Added = {2009-01-29 23:28:59 -0800},
	Date-Modified = {2009-01-29 23:30:16 -0800},
	Publisher = {A K Peters},
	Title = {On Numbers and Games},
	Year = {1976}}

@incollection{coherence,
	Author = {Skyrms, Brian},
	Booktitle = {Scientific Inquiry in Philosophical Perspective},
	Date-Added = {2008-09-16 18:53:24 +1000},
	Date-Modified = {2008-09-16 18:54:07 +1000},
	Pages = {225-242},
	Publisher = {University of Pittsburgh Press},
	Title = {Coherence},
	Year = {1987}}

@article{inductivelogicsep,
	Author = {Hawthorne, James},
	Date-Added = {2008-07-15 11:06:48 +1000},
	Date-Modified = {2008-07-15 11:07:15 +1000},
	Journal = {Stanford Encyclopedia of Philosophy},
	Title = {Inductive Logic},
	Year = {2008}}

@book{howsonurbach,
	Author = {Howson, Colin and Urbach, Peter},
	Date-Added = {2008-07-14 19:14:53 +1000},
	Date-Modified = {2008-07-14 19:16:49 +1000},
	Publisher = {Open Court},
	Title = {Scientific Reasoning: The {B}ayesian Approach},
	Year = {1989}}

@article{wagner,
	Author = {Wagner, Carl},
	Date-Added = {2008-06-28 20:44:43 +1000},
	Date-Modified = {2008-06-28 20:45:07 +1000},
	Journal = {Philosophy of Science},
	Pages = {266-278},
	Title = {Probability Kinematics and Commutativity},
	Volume = {69},
	Year = {2002}}

@article{fieldjeffrey,
	Author = {Field, Hartry},
	Date-Added = {2008-06-28 20:43:30 +1000},
	Date-Modified = {2008-06-28 20:44:02 +1000},
	Journal = {Philosophy of Science},
	Month = {September},
	Number = {3},
	Pages = {361-367},
	Title = {A Note on {J}effrey Conditionalization},
	Volume = {45},
	Year = {1978}}

@article{diaczabell,
	Author = {Diaconis, Persi and Zabell, Sandy},
	Date-Added = {2008-06-28 20:41:37 +1000},
	Date-Modified = {2008-06-28 20:42:19 +1000},
	Journal = {Journal of the American Statistical Association},
	Number = {380},
	Pages = {822-830},
	Title = {Updating Subjective Probability},
	Volume = {77},
	Year = {1982}}

@article{probabilismo,
	Author = {de Finetti, Bruno},
	Date-Added = {2008-06-28 20:37:04 +1000},
	Date-Modified = {2008-06-28 20:37:33 +1000},
	Journal = {Logos},
	Pages = {163-219},
	Title = {Probabilismo},
	Volume = {14},
	Year = {1931}}

@article{probabilism,
	Author = {de Finetti, Bruno},
	Date-Added = {2008-06-28 20:36:14 +1000},
	Date-Modified = {2008-06-28 20:37:42 +1000},
	Journal = {Erkenntnis},
	Pages = {169-223},
	Title = {Probabilism},
	Volume = {31},
	Year = {1989}}

@unpublished{kotzenmultiple,
	Author = {Kotzen, Matt},
	Date-Added = {2008-06-28 19:32:19 +1000},
	Date-Modified = {2008-06-28 19:32:36 +1000},
	Title = {Multiple Studies and Evidential Defeat}}

@article{bayesdog,
	Author = {Weatherson, Brian},
	Date-Added = {2008-06-28 19:08:10 +1000},
	Date-Modified = {2008-06-28 19:08:42 +1000},
	Journal = {Proceedings of the Aristotelian Society},
	Pages = {169-185},
	Title = {The {B}ayesian and the Dogmatist},
	Volume = {107},
	Year = {2007}}

@unpublished{beliefoldnew,
	Author = {Hawthorne, John and Weatherson, Brian},
	Date-Added = {2008-06-28 18:59:54 +1000},
	Date-Modified = {2010-12-22 17:47:51 -0800},
	Note = {unpublished---available at {\tt http://brian.weatherson.org/belief.pdf}},
	Title = {Beliefs Old and New},
	Year = {2000}}

@article{kyburgfullbelief,
	Author = {Kyburg, Henry},
	Date-Added = {2008-06-28 18:41:05 +1000},
	Date-Modified = {2008-06-28 18:41:42 +1000},
	Journal = {Theory and Decision},
	Pages = {137-162},
	Title = {Full Belief},
	Volume = {25},
	Year = {1988}}

@book{workingnet,
	Author = {Foley, Richard},
	Date-Added = {2008-06-28 18:37:58 +1000},
	Date-Modified = {2008-06-28 18:38:25 +1000},
	Publisher = {Oxford},
	Title = {Working Without a Net: A Study of Egocentric Epistemology},
	Year = {1993}}

@book{lawsandsymmetry,
	Author = {van Fraassen, Bas},
	Date-Added = {2008-06-28 18:27:56 +1000},
	Date-Modified = {2008-06-28 18:28:15 +1000},
	Publisher = {Oxford},
	Title = {Laws and Symmetry},
	Year = {1989}}

@article{eellsold,
	Author = {Eells, Ellery},
	Date-Added = {2008-06-23 22:49:46 +1000},
	Date-Modified = {2008-06-23 22:50:13 +1000},
	Journal = {Pacific Philosophical Quarterly},
	Pages = {283-302},
	Title = {Problems of Old Evidence},
	Volume = {66},
	Year = {1985}}

@article{poppermiller,
	Author = {Popper, Karl and Miller, David},
	Date-Added = {2008-06-23 20:14:26 +1000},
	Date-Modified = {2008-06-23 20:16:16 +1000},
	Journal = {Nature},
	Pages = {687-688},
	Title = {A Proof of the Impossibility of Inductive Probability},
	Volume = {302},
	Year = {1983}}

@article{compassconfirmation,
	Author = {Fitelson, Branden},
	Date-Added = {2008-06-23 19:47:54 +1000},
	Date-Modified = {2008-06-23 19:48:16 +1000},
	Journal = {Philosophy Compass},
	Month = {January},
	Number = {1},
	Pages = {95-113},
	Title = {The Paradox of Confirmation},
	Volume = {1},
	Year = {2006}}

@article{popdegconf,
	Author = {Popper, Karl},
	Date-Added = {2008-06-23 19:38:29 +1000},
	Date-Modified = {2008-06-23 19:39:01 +1000},
	Journal = {The British Journal for the Philosophy of Science},
	Pages = {143-149},
	Title = {Degree of Confirmation},
	Volume = {5},
	Year = {1954}}

@article{hempelstudies1,
	Author = {Hempel, Carl},
	Date-Added = {2008-06-23 19:31:23 +1000},
	Date-Modified = {2008-06-23 19:32:27 +1000},
	Journal = {Mind},
	Month = {January},
	Number = {213},
	Pages = {1-26},
	Title = {Studies in the Logic of Confirmation (I.)},
	Volume = {54},
	Year = {1945}}

@article{halperncox,
	Author = {Halpern, Joseph},
	Date-Added = {2008-06-23 18:54:54 +1000},
	Date-Modified = {2008-06-23 18:57:19 +1000},
	Journal = {Journal of Artificial Intelligence Research},
	Pages = {429-435},
	Title = {Cox's Theorem Revisited},
	Volume = {11},
	Year = {1999}}

@article{prospecttheory,
	Author = {Kahneman, Daniel and Tversky, Amos},
	Date-Added = {2008-06-23 18:36:49 +1000},
	Date-Modified = {2008-06-23 18:37:34 +1000},
	Journal = {Econometrica},
	Number = {2},
	Pages = {263-291},
	Title = {Prospect Theory: An Analysis of Decision under Risk},
	Volume = {47},
	Year = {1979}}

@article{zynda,
	Author = {Zynda, Lyle},
	Date-Added = {2008-06-23 18:21:50 +1000},
	Date-Modified = {2008-06-23 18:33:27 +1000},
	Journal = {Philosophy of Science},
	Pages = {45-69},
	Title = {Representation Theorems and Realism about Degrees of Belief},
	Volume = {67},
	Year = {2000}}

@article{fororagainst,
	Author = {H\'{a}jek, Alan},
	Date-Added = {2008-06-23 18:21:14 +1000},
	Date-Modified = {2010-06-01 21:40:56 -0700},
	Journal = {The British Journal for the Philosophy of Science},
	Number = {4},
	Pages = {793-819},
	Title = {Arguments for---or Against---Probabilism},
	Volume = {59},
	Year = {2008}}

@article{armendtdutch,
	Author = {Armendt, Brad},
	Date-Added = {2008-06-20 14:46:58 +1000},
	Date-Modified = {2008-06-20 14:47:34 +1000},
	Journal = {Philosophy of Science},
	Month = {December},
	Number = {4},
	Pages = {583-588},
	Title = {Is there a {D}utch book argument for probability kinematics?},
	Volume = {47},
	Year = {1980}}

@article{tellerdutch,
	Author = {Teller, Paul},
	Date-Added = {2008-06-19 11:35:39 +1000},
	Date-Modified = {2008-06-19 11:36:24 +1000},
	Journal = {Synthese},
	Pages = {218-258},
	Title = {Conditionalization and Observation},
	Volume = {26},
	Year = {1973}}

@article{finettidutch,
	Author = {de Finetti, Bruno},
	Date-Added = {2008-06-19 10:50:52 +1000},
	Date-Modified = {2008-06-19 10:52:05 +1000},
	Journal = {Annales de l'{I}nstitut {H}enri {P}oincar\'{e}},
	Pages = {1-68},
	Title = {La pr\'{e}vision: ses lois logiques, ses sources subjectives},
	Volume = {7},
	Year = {1937}}

@article{arntzeniusproblems,
	Author = {Arntzenius, Frank},
	Date-Added = {2008-06-17 18:24:19 +1000},
	Date-Modified = {2008-06-17 18:24:52 +1000},
	Journal = {The Journal of Philosophy},
	Number = {7},
	Pages = {356-371},
	Title = {Some problems for conditionalization and reflection},
	Volume = {100},
	Year = {2003}}

@article{evilindifference,
	Author = {Weatherson, Brian},
	Date-Added = {2008-06-17 18:17:53 +1000},
	Date-Modified = {2008-06-17 18:18:23 +1000},
	Journal = {Philosophy and Phenomenological Research},
	Number = {3},
	Pages = {613-635},
	Title = {Should we respond to {E}vil with indifference?},
	Volume = {70},
	Year = {2005}}

@article{bradleyleitgebbeauty,
	Author = {Bradley, Darren and Leitgeb, Hannes},
	Date-Added = {2008-06-17 18:16:03 +1000},
	Date-Modified = {2008-06-17 18:16:54 +1000},
	Journal = {Analysis},
	Month = {April},
	Number = {290},
	Pages = {119-127},
	Title = {When betting odds and credences come apart: more worries for {D}utch book arguments},
	Volume = {66},
	Year = {2006}}

@article{drevil,
	Author = {Elga, Adam},
	Date-Added = {2008-06-17 18:14:41 +1000},
	Date-Modified = {2008-06-17 18:15:16 +1000},
	Journal = {Philosophy and Phenomenological Research},
	Month = {September},
	Number = {2},
	Pages = {383-396},
	Title = {Defeating {D}r.\ {E}vil with Self-Locating Belief},
	Volume = {69},
	Year = {2004}}

@article{meachambeauty,
	Author = {Meacham, Christopher},
	Date-Added = {2008-06-17 18:10:30 +1000},
	Date-Modified = {2008-06-17 18:11:18 +1000},
	Journal = {Philosophical Studies},
	Month = {March},
	Number = {2},
	Pages = {245-269},
	Title = {Sleeping beauty and the dynamics of de se beliefs},
	Volume = {138},
	Year = {2008}}

@article{beautyandthebets,
	Author = {Hitchcock, Christopher},
	Date-Added = {2008-06-17 18:07:09 +1000},
	Date-Modified = {2008-06-17 18:07:46 +1000},
	Journal = {Synthese},
	Month = {April},
	Number = {3},
	Pages = {405-420},
	Title = {Beauty and the Bets},
	Volume = {139},
	Year = {2004}}

@article{lewisbeauty,
	Author = {Lewis, David},
	Date-Added = {2008-06-17 18:04:39 +1000},
	Date-Modified = {2008-06-17 18:05:18 +1000},
	Journal = {Analysis},
	Month = {July},
	Number = {271},
	Pages = {171-176},
	Title = {Sleeping {B}eauty: reply to {E}lga},
	Volume = {61},
	Year = {2001}}

@book{roush,
	Author = {Roush, Sherrilyn},
	Date-Added = {2008-06-11 11:20:16 +1000},
	Date-Modified = {2008-06-11 11:20:48 +1000},
	Publisher = {Oxford},
	Title = {Tracking Truth: Knowledge, Evidence, and Science},
	Year = {2005}}

@book{halmos,
	Author = {Halmos, Paul},
	Date-Added = {2008-05-19 19:51:01 -0700},
	Date-Modified = {2008-05-19 19:51:27 -0700},
	Publisher = {Springer-Verlag},
	Title = {Lectures on Boolean Algebras},
	Year = {1974}}

@book{robinsonanalysis,
	Author = {Robinson, Abraham},
	Date-Added = {2008-05-19 17:59:53 -0700},
	Date-Modified = {2008-05-19 18:00:45 -0700},
	Publisher = {Princeton University Press},
	Title = {Non-standard analysis},
	Year = {1996}}

@book{goldblatt,
	Author = {Goldblatt, Robert},
	Date-Added = {2008-05-19 17:58:51 -0700},
	Date-Modified = {2008-05-19 17:59:33 -0700},
	Publisher = {Springer-Verlag},
	Series = {Graduate Texts in Mathematics},
	Title = {Lectures on the Hyperreals: an introduction to nonstandard analysis},
	Year = {1989}}

@book{salmon,
	Author = {Salmon, Wesley},
	Date-Added = {2008-05-19 17:21:46 -0700},
	Date-Modified = {2008-05-19 17:22:21 -0700},
	Publisher = {University of Pittsburgh Press},
	Title = {The Foundations of Scientific Inference},
	Year = {1967}}

@unpublished{hajekdbas,
	Author = {H\'{a}jek, Alan},
	Date-Added = {2008-05-19 14:34:44 -0700},
	Date-Modified = {2008-05-19 14:35:05 -0700},
	Title = {Dutch Book Arguments},
	Year = {2007}}

@article{tenengriff,
	Author = {Tenenbaum, Joshua and Griffiths, Thomas},
	Date-Added = {2008-05-19 14:20:13 -0700},
	Date-Modified = {2008-05-19 14:20:59 -0700},
	Journal = {Behavioral and Brain Sciences},
	Pages = {629-640},
	Title = {Generalization, similarity and {B}ayesian inference},
	Volume = {24},
	Year = {2001}}

@article{conjfall,
	Author = {Tversky, Amos and Kahneman, Daniel},
	Date-Added = {2008-05-19 14:14:55 -0700},
	Date-Modified = {2008-05-19 14:15:43 -0700},
	Journal = {Psychological Review},
	Month = {October},
	Number = {4},
	Pages = {293-315},
	Title = {Extensional versus intuitive reasoning: The conjunction fallacy in probability judgment},
	Volume = {90},
	Year = {1983}}

@article{colyvancox,
	Author = {Colyvan, Mark},
	Date-Added = {2008-05-19 14:04:25 -0700},
	Date-Modified = {2008-05-19 14:05:06 -0700},
	Journal = {International Journal of Approximate Reasoning},
	Month = {August},
	Number = {1},
	Pages = {71-85},
	Title = {The philosophical significance of {C}ox's theorem},
	Volume = {37},
	Year = {2004}}

@book{bayesorbust,
	Author = {Earman, John},
	Date-Added = {2008-05-14 23:05:24 -0500},
	Date-Modified = {2008-05-14 23:06:12 -0500},
	Publisher = {The MIT Press},
	Title = {Bayes or Bust?},
	Year = {1992}}

@article{theoretical,
	Author = {Lewis, David},
	Date-Added = {2008-05-12 18:56:10 -0700},
	Date-Modified = {2008-05-12 18:56:39 -0700},
	Journal = {The Journal of Philosophy},
	Month = {July},
	Number = {13},
	Pages = {427-446},
	Title = {How to Define Theoretical Terms},
	Volume = {67},
	Year = {1970}}

@unpublished{barnettramsey,
	Author = {Barnett, David},
	Date-Added = {2008-05-12 18:48:56 -0700},
	Date-Modified = {2008-05-12 18:49:38 -0700},
	Title = {{R}amsey + {M}oore $\neq$ {G}od}}

@book{vastness,
	Author = {Langendoen, D. Terence and Postal, Paul},
	Date-Added = {2008-05-12 17:14:05 -0700},
	Date-Modified = {2008-05-20 08:29:21 -0700},
	Publisher = {Basil Blackwell},
	Title = {The Vastness of Natural Languages},
	Year = {1984}}

@book{eellsskyrms,
	Date-Added = {2008-05-12 17:05:44 -0700},
	Date-Modified = {2008-05-12 17:06:58 -0700},
	Editor = {Eells, Ellery and Skyrms, Brian},
	Publisher = {Cambridge University Press},
	Series = {Cambridge Studies in Probability, Induction, and Decision Theory},
	Title = {Probability and Conditionals: Belief Revision and Rational Decision},
	Year = {1994}}

@article{martinlof,
	Author = {Martin-L\"{o}f, Per},
	Date-Added = {2008-05-08 15:31:23 -0700},
	Date-Modified = {2008-05-08 15:31:58 -0700},
	Journal = {Information and Control},
	Pages = {602-619},
	Title = {The definition of random sequences},
	Volume = {9},
	Year = {1966}}

@article{condfor,
	Author = {van Fraassen, Bas},
	Date-Added = {2008-05-08 15:05:00 -0700},
	Date-Modified = {2008-05-08 15:05:32 -0700},
	Journal = {Topoi},
	Pages = {93-96},
	Title = {Conditionalization, a New Argument For},
	Volume = {18},
	Year = {1999}}

@article{lmcr,
	Author = {Field, Hartry},
	Date-Added = {2008-05-05 15:46:01 -0700},
	Date-Modified = {2008-05-05 15:46:39 -0700},
	Journal = {The Journal of Philosophy},
	Month = {July},
	Number = {7},
	Pages = {379-409},
	Title = {Logic, Meaning, and Conceptual Role},
	Volume = {74},
	Year = {1977}}

@book{carnapprob,
	Author = {Carnap, Rudolf},
	Date-Added = {2008-04-30 12:32:43 -0700},
	Date-Modified = {2008-04-30 12:33:07 -0700},
	Publisher = {University of Chicago Press},
	Title = {Logical Foundations of Probability},
	Year = {1950}}

@article{carnapconcepts,
	Author = {Carnap, Rudolf},
	Date-Added = {2008-04-30 12:27:20 -0700},
	Date-Modified = {2008-04-30 12:28:05 -0700},
	Journal = {Philosophy and Phenomenological Research},
	Month = {June},
	Number = {4},
	Pages = {513-532},
	Title = {Two Concepts of Probability},
	Volume = {5},
	Year = {1945}}

@article{maherconception,
	Author = {Maher, Patrick},
	Date-Added = {2008-04-30 11:18:48 -0700},
	Date-Modified = {2008-04-30 11:19:17 -0700},
	Journal = {Philosophy of Science},
	Month = {December},
	Pages = {518-523},
	Title = {A Conception of Inductive Logic},
	Volume = {73},
	Year = {2006}}

@article{maherconcept,
	Author = {Maher, Patrick},
	Date-Added = {2008-04-30 10:33:35 -0700},
	Date-Modified = {2008-04-30 10:34:10 -0700},
	Journal = {Erkenntnis},
	Pages = {185-206},
	Title = {The Concept of Inductive Probability},
	Volume = {65},
	Year = {2006}}

@book{bertrand,
	Author = {Bertrand, Joseph},
	Date-Added = {2008-04-29 17:02:17 -0700},
	Date-Modified = {2008-04-29 17:04:45 -0700},
	Publisher = {Gauthier-Villars},
	Title = {Calcul des probabilit\'{e}s},
	Year = {1889}}

@article{nonprag,
	Author = {Joyce, James},
	Date-Added = {2008-04-28 19:19:42 -0700},
	Date-Modified = {2008-04-28 19:20:17 -0700},
	Journal = {Philosophy of Science},
	Month = {December},
	Number = {4},
	Pages = {575-603},
	Title = {A Nonpragmatic Vindication of Probabilism},
	Volume = {65},
	Year = {1998}}

@article{strevensprobsymm,
	Author = {Strevens, Michael},
	Date-Added = {2008-04-22 17:53:45 -0700},
	Date-Modified = {2008-04-22 17:57:59 -0700},
	Journal = {No\^{u}s},
	Number = {2},
	Pages = {231-246},
	Title = {Inferring Probabilities from Symmetries},
	Volume = {32},
	Year = {1998}}

@article{stpetetwoenv,
	Author = {Chalmers, David},
	Date-Added = {2008-04-16 18:58:48 -0700},
	Date-Modified = {2008-04-16 18:59:23 -0700},
	Journal = {Analysis},
	Month = {April},
	Number = {2},
	Pages = {155-157},
	Title = {The {S}t.\ {P}etersburg two-envelope paradox},
	Volume = {62},
	Year = {2002}}

@article{wellposed,
	Author = {Jaynes, Edwin Thompson},
	Date-Added = {2008-04-03 16:28:24 -0700},
	Date-Modified = {2008-04-03 16:29:10 -0700},
	Journal = {Foundations of Physics},
	Number = {4},
	Pages = {477-492},
	Title = {The Well-Posed Problem},
	Volume = {3},
	Year = {1973}}

@article{fcip,
	Author = {Weatherson, Brian},
	Date-Added = {2008-04-03 16:00:20 -0700},
	Date-Modified = {2008-04-03 16:01:07 -0700},
	Journal = {Notre Dame Journal of Formal Logic},
	Month = {April},
	Number = {2},
	Pages = {111-123},
	Title = {From Classical to Intuitionistic Probability},
	Volume = {44},
	Year = {2003}}

@article{measconfev,
	Author = {Eells, Ellery and Fitelson, Branden},
	Date-Added = {2008-04-02 18:47:14 -0700},
	Date-Modified = {2008-04-02 18:47:52 -0700},
	Journal = {The Journal of Philosophy},
	Month = {December},
	Number = {12},
	Pages = {663-672},
	Title = {Measuring Confirmation and Evidence},
	Volume = {97},
	Year = {2000}}

@article{mahersubjobj,
	Author = {Maher, Patrick},
	Date-Added = {2008-04-02 17:01:30 -0700},
	Date-Modified = {2008-04-02 17:02:01 -0700},
	Journal = {Philosophy of Science},
	Month = {June},
	Number = {2},
	Pages = {149-174},
	Title = {Subjective and Objective Confirmation},
	Volume = {63},
	Year = {1996}}

@article{meassens,
	Author = {Fitelson, Branden},
	Date-Added = {2008-04-02 16:38:18 -0700},
	Date-Modified = {2008-04-02 16:39:19 -0700},
	Journal = {Philosophy of Science},
	Month = {September},
	Number = {3},
	Pages = {S362-S378},
	Title = {The plurality of {B}ayesian measures of confirmation and the problem of measure sensitivity},
	Volume = {66},
	Year = {1999}}

@article{beauty,
	Author = {Elga, Adam},
	Date-Added = {2008-04-01 18:23:17 -0700},
	Date-Modified = {2008-04-01 18:24:39 -0700},
	Journal = {Analysis},
	Month = {April},
	Number = {2},
	Pages = {143-147},
	Title = {Self-Locating Belief and the {S}leeping {B}eauty Problem},
	Volume = {60},
	Year = {2000}}

@book{jaynes,
	Author = {Jaynes, Edwin Thompson},
	Date-Added = {2008-03-28 17:44:23 -0700},
	Date-Modified = {2008-03-28 17:44:44 -0700},
	Publisher = {Cambridge University Press},
	Title = {Probability Theory: The Logic of Science},
	Year = {2003}}

@article{cox,
	Author = {Cox, R. T.},
	Date-Added = {2008-03-28 17:43:31 -0700},
	Date-Modified = {2008-03-28 17:44:08 -0700},
	Journal = {American Journal of Physics},
	Month = {January},
	Number = {1},
	Pages = {1-13},
	Title = {Probability, Frequency and Reasonable Expectation},
	Volume = {14},
	Year = {1946}}

@article{jwcountable,
	Author = {Williamson, Jon},
	Date-Added = {2008-03-28 17:15:55 -0700},
	Date-Modified = {2008-03-28 17:17:25 -0700},
	Journal = {The British Journal for the Philosophy of Science},
	Pages = {401-416},
	Title = {Countable additivity and subjective probability},
	Volume = {50},
	Year = {1999}}

@article{howsoncountable,
	Author = {Howson, Colin},
	Date-Added = {2008-03-28 16:52:38 -0700},
	Date-Modified = {2008-03-28 16:53:27 -0700},
	Journal = {The British Journal for the Philosophy of Science},
	Number = {1},
	Pages = {1-23},
	Title = {De {F}inetti, Countable Additivity, Consistency and Coherence},
	Volume = {59},
	Year = {2008}}

@article{hail07,
	Author = {Hailperin, Theodore},
	Date-Added = {2008-03-06 17:58:26 -0800},
	Date-Modified = {2008-03-06 17:58:50 -0800},
	Journal = {History and Philosophy of Logic},
	Month = {February},
	Pages = {83-100},
	Title = {Quantifier Probability Logic and the Confirmation Paradox},
	Volume = {28},
	Year = {2007}}

@article{hail00,
	Author = {Hailperin, Theodore},
	Date-Added = {2008-03-06 17:57:50 -0800},
	Date-Modified = {2008-03-06 17:58:14 -0800},
	Journal = {Journal of Philosophical Logic},
	Pages = {207-239},
	Title = {Probability Semantics for Quantifier Logic},
	Volume = {29},
	Year = {2000}}

@article{hail84,
	Author = {Hailperin, Theodore},
	Date-Added = {2008-03-06 17:56:43 -0800},
	Date-Modified = {2008-03-06 17:57:26 -0800},
	Journal = {Notre Dame Journal of Formal Logic},
	Month = {July},
	Number = {3},
	Pages = {198-212},
	Title = {Probability Logic},
	Volume = {25},
	Year = {1984}}

@article{hail06,
	Author = {Hailperin, Theodore},
	Date-Added = {2008-03-06 17:55:25 -0800},
	Date-Modified = {2008-03-06 17:56:05 -0800},
	Journal = {History and Philosophy of Logic},
	Month = {August},
	Pages = {249-269},
	Title = {Probability Logic and Combining Evidence},
	Volume = {27},
	Year = {2006}}

@article{hail01,
	Author = {Hailperin, Theodore},
	Date-Added = {2008-03-06 17:54:23 -0800},
	Date-Modified = {2008-03-06 17:54:58 -0800},
	Journal = {Journal of Philosophical Logic},
	Pages = {79-96},
	Title = {Potential Infinite Models and Ontologically Neutral Logic},
	Volume = {30},
	Year = {2001}}

@article{hail97,
	Author = {Hailperin, Theodore},
	Date-Added = {2008-03-06 17:53:29 -0800},
	Date-Modified = {2008-03-06 17:54:03 -0800},
	Journal = {History and Philosophy of Logic},
	Pages = {185-200},
	Title = {Ontologically Neutral Logic},
	Volume = {18},
	Year = {1997}}

@phdthesis{diss,
	Author = {Easwaran, Kenny},
	Date-Added = {2008-03-06 14:40:36 -0800},
	Date-Modified = {2008-03-06 14:41:13 -0800},
	School = {University of California, Berkeley},
	Title = {The Foundations of Conditional Probability},
	Year = {2008}}

@article{gillies,
	Author = {Gillies, Donald},
	Date-Added = {2008-02-13 17:40:12 -0800},
	Date-Modified = {2008-02-13 17:40:34 -0800},
	Journal = {British Journal for the Philosophy of Science},
	Pages = {807-835},
	Title = {Varieties of Propensity},
	Volume = {51},
	Year = {2000}}

@article{mccurdy,
	Author = {McCurdy, Christopher},
	Date-Added = {2008-02-12 18:42:24 -0800},
	Date-Modified = {2008-02-12 18:42:56 -0800},
	Journal = {Synthese},
	Pages = {105-125},
	Title = {Humphreys's Paradox and the Interpretation of Inverse Conditional Probabilities},
	Volume = {108},
	Year = {1996}}

@article{humphreys1,
	Author = {Humphreys, Paul},
	Date-Added = {2008-02-12 18:20:48 -0800},
	Date-Modified = {2008-02-12 18:21:32 -0800},
	Journal = {The Philosophical Review},
	Month = {October},
	Number = {4},
	Pages = {557-570},
	Title = {Why Propensities Cannot Be Probabilities},
	Volume = {94},
	Year = {1985}}

@article{dispositions,
	Author = {Fara, Michael},
	Date-Added = {2008-02-12 17:01:26 -0800},
	Date-Modified = {2008-02-12 17:02:51 -0800},
	Journal = {Stanford Encyclopedia of Philosophy},
	Title = {Dispositions},
	Year = {2006}}

@article{equaltreat,
	Author = {Lange, Mark},
	Date-Added = {2008-02-11 18:13:47 -0800},
	Date-Modified = {2008-02-11 18:14:35 -0800},
	Journal = {British Journal for the Philosophy of Science},
	Pages = {383-403},
	Title = {Do Chances Receive Equal Treatment Under the Laws? Or: Must Chances Be Probabilities?},
	Volume = {57},
	Year = {2006}}

@article{detchance,
	Author = {Schaffer, Jonathan},
	Date-Added = {2008-02-11 16:28:56 -0800},
	Date-Modified = {2008-02-11 16:29:20 -0800},
	Journal = {British Journal for the Philosophy of Science},
	Pages = {113-140},
	Title = {Deterministic Chance?},
	Volume = {58},
	Year = {2007}}

@article{propensity,
	Author = {Popper, Karl},
	Date-Added = {2008-02-08 18:15:15 -0800},
	Date-Modified = {2008-02-08 18:16:57 -0800},
	Journal = {The British Journal for the Philosophy of Science},
	Pages = {25-42},
	Title = {The Propensity Interpretation of Probability},
	Year = {1959}}

@article{optt,
	Author = {Eells, Ellery},
	Date-Added = {2007-11-29 14:16:30 -0800},
	Date-Modified = {2007-11-29 14:16:58 -0800},
	Journal = {Synthese},
	Pages = {387-442},
	Title = {Objective Probability Theory Theory},
	Volume = {57},
	Year = {1983}}

@article{relf,
	Author = {van Fraassen, Bas},
	Date-Added = {2007-11-11 16:27:02 -0800},
	Date-Modified = {2007-11-11 16:27:43 -0800},
	Journal = {Synthese},
	Pages = {133-166},
	Title = {Relative Frequencies},
	Year = {1977}}

@article{fine,
	Author = {Fine, Terrence},
	Date-Added = {2007-10-09 15:35:15 -0700},
	Date-Modified = {2009-03-20 16:15:00 -0700},
	Journal = {Mind},
	Number = {467},
	Pages = {613-632},
	Title = {Evaluating the {P}asadena, {A}ltadena, and {S}t.\ {P}etersburg gambles},
	Volume = {117},
	Year = {2008}}

@article{compexp,
	Author = {H\'{a}jek, Alan and Nover, Harris},
	Date-Added = {2007-10-09 15:34:32 -0700},
	Date-Modified = {2007-10-09 15:35:04 -0700},
	Journal = {Mind},
	Title = {Complex Expectations},
	Year = {2008}}

@article{gaifman,
	Author = {Gaifman, Haim},
	Date-Added = {2007-10-07 15:50:12 -0700},
	Date-Modified = {2007-10-07 15:50:53 -0700},
	Journal = {Synthese},
	Pages = {97-119},
	Title = {Reasoning with Limited Resources and Assigning Probabilities to Arithmetical Statements},
	Volume = {140},
	Year = {2004}}

@article{ellis,
	Author = {van Fraassen, Bas},
	Date-Added = {2007-09-20 14:02:24 -0700},
	Date-Modified = {2008-04-22 17:59:32 -0700},
	Journal = {Canadian Journal of Philosophy},
	Month = {September},
	Number = {3},
	Pages = {497-511},
	Title = {Critical Notice of {B}rian {E}llis, \emph{Rational Belief Systems}},
	Volume = {10},
	Year = {1980}}

@book{kail,
	Author = {Williamson, Timothy},
	Date-Added = {2007-09-11 14:38:26 -0700},
	Date-Modified = {2007-09-11 14:39:19 -0700},
	Publisher = {Oxford},
	Title = {Knowledge and its Limits},
	Year = {2002}}

@article{humphreys,
	Author = {Humphreys, Paul},
	Date-Added = {2007-08-30 17:16:50 -0700},
	Date-Modified = {2007-08-31 12:10:07 -0700},
	Journal = {British Journal for the Philosophy of Science},
	Pages = {667-680},
	Title = {Some Considerations on Conditional Chances},
	Volume = {55},
	Year = {2004}}

@article{deutsch,
	Author = {Deutsch, David},
	Date-Added = {2007-08-24 00:11:13 -0700},
	Date-Modified = {2007-08-24 00:13:31 -0700},
	Journal = {Proceedings of the Royal Society A},
	Month = {August},
	Number = {1988},
	Pages = {3129-3137},
	Title = {Quantum Theory of Probability and Decisions},
	Volume = {455},
	Year = {1999}}

@unpublished{shafervovk,
	Author = {Shafer, Glenn and Vovk, Vladimir},
	Date-Added = {2007-08-24 00:00:35 -0700},
	Date-Modified = {2008-04-29 17:06:04 -0700},
	Month = {October},
	Title = {The Origins and Legacy of {K}olmogorov's \emph{Grundbegriffe}},
	Url = {http://www.probabilityandfinance.com/#4},
	Year = {2005},
	Bdsk-Url-1 = {http://www.probabilityandfinance.com/#4}}

@article{prefarg,
	Author = {Christensen, David},
	Date-Added = {2007-08-22 19:59:07 -0700},
	Date-Modified = {2007-08-22 19:59:39 -0700},
	Journal = {Philosophy of Science},
	Month = {September},
	Number = {3},
	Pages = {356-376},
	Title = {Preference-Based Arguments for Probabilism},
	Volume = {68},
	Year = {2001}}

@article{dutchdeprag,
	Author = {Christensen, David},
	Date-Added = {2007-08-22 16:54:08 -0700},
	Date-Modified = {2007-08-22 16:54:57 -0700},
	Journal = {The Journal of Philosophy},
	Month = {September},
	Number = {9},
	Pages = {450-479},
	Title = {Dutch Book Arguments De-Pragmatized: Epistemic Consistency for Partial Believers},
	Volume = {93},
	Year = {1996}}

@article{kyburg,
	Author = {Kyburg, Henry},
	Date-Added = {2007-08-21 15:47:43 -0700},
	Date-Modified = {2007-08-21 15:48:25 -0700},
	Journal = {Journal of Philosophical Logic},
	Pages = {157-180},
	Title = {Subjective Probability: Criticisms, Reflections, and Problems},
	Volume = {7},
	Year = {1978}}

@article{fancyprob,
	Author = {Kyburg, Henry},
	Date-Added = {2007-08-21 15:43:40 -0700},
	Date-Modified = {2007-08-21 15:44:14 -0700},
	Journal = {Synthese},
	Pages = {189-203},
	Title = {Getting Fancy With Probability},
	Volume = {90},
	Year = {1992}}

@incollection{garber,
	Author = {Garber, Daniel},
	Booktitle = {Testing Scientific Theories},
	Date-Added = {2007-08-20 12:36:14 -0700},
	Date-Modified = {2007-08-20 12:39:10 -0700},
	Editor = {Earman, John},
	Publisher = {Minnesota Studies in the Philosophy of Science},
	Title = {Old Evidence and Logical Omniscience in {B}ayesian Confirmation Theory},
	Volume = {10},
	Year = {1983}}

@article{arlocosta,
	Author = {Arl\'{o} Costa, Horacio},
	Date-Added = {2007-07-07 15:10:30 -0700},
	Date-Modified = {2007-07-07 15:11:27 -0700},
	Journal = {Stanford Encyclopedia of Philosophy},
	Title = {Conditional Logic},
	Year = {2007}}

@book{durrett,
	Author = {Durrett, Rick},
	Date-Added = {2007-07-03 14:49:17 -0700},
	Date-Modified = {2007-07-03 14:49:52 -0700},
	Publisher = {Brooks/Cole},
	Title = {Probability: Theory and Examples},
	Year = {2005}}

@incollection{objchance,
	Author = {Lewis, David},
	Booktitle = {Studies in Inductive Logic and Probability},
	Date-Added = {2007-06-21 13:51:53 +1000},
	Date-Modified = {2007-08-17 15:51:04 -0700},
	Editor = {Jeffrey, Richard},
	Publisher = {University of California Press},
	Title = {A Subjectivist's Guide to Objective Chance},
	Volume = {II},
	Year = {1980}}

@article{binding,
	Author = {Arntzenius, Frank and Elga, Adam and Hawthorne, John},
	Date-Added = {2007-06-19 17:35:37 +1000},
	Date-Modified = {2007-09-24 14:27:52 -0700},
	Journal = {Mind},
	Month = {April},
	Number = {450},
	Pages = {251-283},
	Title = {Bayesianism, Infinite Decisions, and Binding},
	Volume = {113},
	Year = {2004}}

@article{degbel,
	Author = {Eriksson, Lina and H\'{a}jek, Alan},
	Date-Added = {2007-06-18 23:22:56 +1000},
	Date-Modified = {2016-11-01 16:00:57 +0000},
	Journal = {Studia Logica},
	Number = {2},
	Pages = {183-213},
	Title = {What Are Degrees of Belief?},
	Volume = {86},
	Year = {2007}}

@article{intervening,
	Author = {Meek, Christopher and Glymour, Clark},
	Date-Added = {2007-06-17 22:24:59 +1000},
	Date-Modified = {2007-06-17 22:36:55 +1000},
	Journal = {British Journal for the Philosophy of Science},
	Pages = {1001-1021},
	Title = {Conditioning and Intervening},
	Volume = {45},
	Year = {1994}}

@techreport{indifequiv,
	Author = {Seidenfeld, Teddy and Schervish, Mark J. and Kadane, Joseph B.},
	Date-Added = {2007-06-04 10:25:45 -0700},
	Date-Modified = {2007-06-04 10:38:57 -0700},
	Institution = {Carnegie Mellon University},
	Number = {840},
	Title = {When coherent preferences may not preserve indifference between equivalent random variables: A price for unbounded utilities},
	Year = {2006}}

@article{ramseygod,
	Author = {Chalmers, David and H\'{a}jek, Alan},
	Date-Added = {2007-05-23 00:38:19 -0700},
	Date-Modified = {2007-05-23 00:39:14 -0700},
	Journal = {Analysis},
	Month = {April},
	Number = {72},
	Pages = {170-172},
	Title = {Ramsey + {M}oore = {G}od},
	Volume = {67},
	Year = {2007}}

@article{infheads,
	Author = {Williamson, Timothy},
	Date-Added = {2007-03-14 00:48:50 -0700},
	Date-Modified = {2007-06-23 16:56:36 +1000},
	Journal = {Analysis},
	Month = {July},
	Number = {3},
	Pages = {173-180},
	Title = {How Probable is an Infinite Sequence of Heads?},
	Volume = {67},
	Year = {2007}}

@article{perpexp,
	Author = {H\'{a}jek, Alan and Nover, Harris},
	Date-Added = {2007-03-02 00:13:53 -0800},
	Date-Modified = {2007-03-02 00:18:31 -0800},
	Journal = {Mind},
	Number = {459},
	Pages = {703-720},
	Title = {Perplexing Expectations},
	Volume = {115},
	Year = {2006}}

@incollection{truthprob,
	Author = {Ramsey, Frank Plumpton},
	Booktitle = {The Foundations of Mathematics and other Logical Essays (1931)},
	Date-Added = {2007-03-01 22:05:51 -0800},
	Date-Modified = {2007-03-01 22:07:32 -0800},
	Editor = {Braithwaite, R. B.},
	Publisher = {Harcourt, Brace and Company},
	Title = {Truth and Probability},
	Year = {1926}}

@book{savage,
	Author = {Savage, Leonard Jimmie},
	Date-Added = {2007-03-01 21:55:40 -0800},
	Date-Modified = {2007-03-01 22:03:03 -0800},
	Publisher = {Dover},
	Title = {The Foundations of Statistics},
	Year = {1954}}

@article{trust,
	Author = {Landesman, Cliff},
	Date-Added = {2007-03-01 21:23:11 -0800},
	Date-Modified = {2007-03-01 21:24:03 -0800},
	Journal = {Analysis},
	Month = {January},
	Number = {1},
	Pages = {12-13},
	Title = {When to Terminate a Charitable Trust?},
	Volume = {55},
	Year = {1995}}

@article{allais,
	Author = {Allais, Maurice},
	Date-Added = {2007-03-01 21:02:09 -0800},
	Date-Modified = {2007-03-01 21:03:11 -0800},
	Journal = {Econometrica},
	Pages = {503-546},
	Title = {Le comportement de l'homme rationnel devant le risque: {C}ritique des postulats et axioms de l'\'{e}cole {A}mericaine},
	Volume = {21},
	Year = {1953}}

@techreport{ellsberg,
	Author = {Ellsberg, Daniel},
	Date-Added = {2007-03-01 20:29:59 -0800},
	Date-Modified = {2008-04-22 18:00:29 -0700},
	Institution = {The RAND Corporation},
	Title = {Risk, Ambiguity, and the {S}avage Axioms},
	Year = {1961}}

@article{freiling,
	Author = {Freiling, Chris},
	Date-Added = {2007-01-07 17:34:40 -0800},
	Date-Modified = {2007-01-07 17:35:24 -0800},
	Journal = {The Journal of Symbolic Logic},
	Month = {March},
	Number = {1},
	Pages = {190-200},
	Title = {Axioms of Symmetry: Throwing Darts at the Real Number Line},
	Volume = {51},
	Year = {1986}}

@article{titelb,
	Author = {Titelbaum, Michael},
	Date-Added = {2006-12-21 17:27:09 -0800},
	Date-Modified = {2010-08-31 15:22:27 -0700},
	Journal = {The Philosophical Review},
	Number = {4},
	Pages = {555-606},
	Title = {The Relevance of Self-Locating Beliefs},
	Volume = {117},
	Year = {2008}}

@article{measconf,
	Author = {Christensen, David},
	Date-Added = {2006-12-21 17:19:43 -0800},
	Date-Modified = {2006-12-21 17:20:21 -0800},
	Journal = {The Journal of Philosophy},
	Number = {9},
	Pages = {437-461},
	Title = {Measuring Confirmation},
	Volume = {96},
	Year = {1999}}

@book{tande,
	Author = {Glymour, Clark},
	Date-Added = {2006-12-21 17:05:06 -0800},
	Date-Modified = {2006-12-21 17:05:26 -0800},
	Publisher = {Princeton University Press},
	Title = {Theory and Evidence},
	Year = {1980}}

@article{whatwant,
	Author = {Fallis, Don},
	Date-Added = {2006-12-08 21:04:19 -0800},
	Date-Modified = {2006-12-08 21:05:22 -0800},
	Journal = {Logique \& Analyse},
	Pages = {179-180},
	Title = {What do Mathematicians Want? Probabilistic Proofs and the Epistemic Goals of Mathematicians},
	Year = {2002}}

@book{kunen,
	Author = {Kunen, Kenneth},
	Date-Added = {2006-11-14 21:10:56 -0800},
	Date-Modified = {2006-11-14 21:11:22 -0800},
	Publisher = {North-Holland},
	Title = {Set Theory: an introduction to independence proofs},
	Year = {1980}}

@book{jech,
	Author = {Jech, Thomas},
	Date-Added = {2006-11-14 21:08:54 -0800},
	Date-Modified = {2006-11-14 21:09:31 -0800},
	Publisher = {Springer-Verlag},
	Title = {Set Theory: The Third Millenium Edition, Revised and Expanded},
	Year = {2003}}

@book{jeffrey,
	Author = {Jeffrey, Richard},
	Date-Added = {2006-11-14 20:29:52 -0800},
	Date-Modified = {2006-11-14 20:30:23 -0800},
	Publisher = {McGraw-Hill},
	Title = {The Logic of Decision},
	Year = {1965}}

@incollection{learnimp,
	Author = {McGee, Vann},
	Booktitle = {Probability and Conditionals},
	Date-Added = {2006-11-14 20:24:23 -0800},
	Date-Modified = {2006-11-14 20:26:51 -0800},
	Editor = {Eells, Ellery and Skyrms, Brian},
	Publisher = {Cambridge University Press},
	Title = {Learning the Impossible},
	Year = {1994}}

@book{definetti,
	Author = {de Finetti, Bruno},
	Date-Added = {2006-11-14 20:20:24 -0800},
	Date-Modified = {2006-11-14 20:20:54 -0800},
	Publisher = {Wiley},
	Title = {Theory of Probability},
	Volume = {1},
	Year = {1974}}

@article{schaffer,
	Author = {Schaffer, Jonathan},
	Date-Added = {2006-11-08 22:09:47 -0800},
	Date-Modified = {2008-02-11 16:16:22 -0800},
	Journal = {Philosophy and Phenomenological Research},
	Month = {September},
	Number = {2},
	Pages = {383-403},
	Title = {Knowing the Answer},
	Volume = {75},
	Year = {2007}}

@article{goosens,
	Author = {Goosens, William},
	Date-Added = {2006-11-08 22:08:35 -0800},
	Date-Modified = {2006-11-08 22:09:27 -0800},
	Journal = {Notre Dame Journal of Formal Logic},
	Month = {January},
	Number = {1},
	Pages = {227-239},
	Title = {Alternative Axiomatizations of Elementary Probability Theory},
	Volume = {20},
	Year = {1979}}

@article{zaman,
	Author = {Zaman, Asad},
	Booktitle = {Theory and Decision},
	Date-Added = {2006-10-19 01:24:19 -0700},
	Date-Modified = {2006-10-19 01:25:24 -0700},
	Journal = {Theory and Decision},
	Pages = {157-159},
	Title = {On the Impossibility of Events of Zero Probability},
	Volume = {23},
	Year = {1987}}

@book{bennett,
	Author = {Bennett, Jonathan},
	Date-Added = {2006-08-24 16:33:07 -0700},
	Date-Modified = {2006-08-24 16:35:44 -0700},
	Publisher = {Oxford},
	Title = {A Philosophical Guide to Conditionals},
	Year = {2003}}

@article{probsymm,
	Author = {Bartha, Paul and Johns, Richard},
	Date-Added = {2006-08-15 16:21:56 -0700},
	Date-Modified = {2006-08-15 16:22:29 -0700},
	Journal = {Philosophy of Science},
	Pages = {S109-S122},
	Title = {Probability and Symmetry},
	Volume = {68},
	Year = {2001}}

@article{bhshoot,
	Author = {Bartha, Paul and Hitchcock, Christopher},
	Date-Added = {2006-08-15 16:20:48 -0700},
	Date-Modified = {2006-08-15 16:21:30 -0700},
	Journal = {Synthese},
	Pages = {403-437},
	Title = {The Shooting-Room Paradox and Conditionalizing on Measurably Challenged Sets},
	Volume = {118},
	Year = {1999}}

@article{bhdoomsday,
	Author = {Bartha, Paul and Hitchcock, Christopher},
	Date-Added = {2006-08-15 16:19:11 -0700},
	Date-Modified = {2006-08-15 16:20:22 -0700},
	Journal = {Philosophy of Science},
	Pages = {S339-S353},
	Title = {No One Knows the Date or the Hour: An Unorthodox Application of {R}ev. {B}ayes's Theorem},
	Volume = {66},
	Year = {1999}}

@article{countaddlottery,
	Author = {Bartha, Paul},
	Date-Added = {2006-08-15 16:16:52 -0700},
	Date-Modified = {2006-08-15 16:17:53 -0700},
	Journal = {British Journal for the Philosophy of Science},
	Pages = {301-321},
	Title = {Countable Additivity and the de {F}inetti Lottery},
	Volume = {55},
	Year = {2004}}

@article{grvwlc,
	Author = {Greaves, Hilary and Wallace, David},
	Date-Added = {2006-06-28 13:55:25 +1000},
	Date-Modified = {2010-03-13 15:29:43 -0800},
	Journal = {Mind},
	Number = {459},
	Pages = {607-632},
	Title = {Justifying conditionalization: Conditionalization maximizes expected epistemic utility},
	Volume = {115},
	Year = {2006}}

@article{noexp,
	Author = {Colyvan, Mark},
	Date-Modified = {2007-03-01 21:29:26 -0800},
	Journal = {Mind},
	Month = {April},
	Number = {459},
	Owner = {kenny},
	Pages = {695-702},
	Pdf = {colyvan, mark - no expectations.pdf},
	Title = {No Expectations},
	Volume = {115},
	Year = {2006}}

@article{relexp,
	Author = {Colyvan, Mark},
	Date-Modified = {2009-06-02 15:51:17 -0700},
	Journal = {The Journal of Philosophy},
	Number = {1},
	Owner = {kenny},
	Pages = {37-44},
	Pdf = {colyvan, mark - relative expectation theory.pdf},
	Title = {Relative Expectation Theory},
	Volume = {105},
	Year = {2008}}

@article{twoenv,
	Author = {Dietrich, Franz and List, Christian},
	Month = {May},
	Owner = {kenny},
	Pdf = {dietrich, franz and list, christian - the two-envelope paradox an axiomatic approach},
	Title = {The Two-Envelope Paradox: an Axiomatic Approach},
	Year = {2004}}

@article{dubins,
	Author = {Dubins, Lester},
	Journal = {The Annals of Probability},
	Month = {February},
	Number = {1},
	Owner = {kenny},
	Pages = {89-99},
	Pdf = {dubins, lester - finitely additive conditional probabilities, conglomerability and disintegrations.pdf},
	Title = {Finitely Additive Conditional Probabilities, Conglomerability, and Disintegrations},
	Volume = {3},
	Year = {1975}}

@book{feller,
	Author = {Feller, William},
	Owner = {kenny},
	Publisher = {John Wiley \& Sons},
	Title = {An Introduction to Probability Theory and its Applications},
	Year = {1968}}

@article{scotch,
	Author = {H\'{a}jek, Alan},
	Journal = {Philosophical Perspectives},
	Owner = {kenny},
	Pages = {139-151},
	Title = {Scotching {D}utch Books?},
	Volume = {19},
	Year = {2005}}

@article{wcpcnb,
	Author = {H\'{a}jek, Alan},
	Journal = {Synthese},
	Owner = {kenny},
	Pages = {273-323},
	Title = {What Conditional Probability Could Not Be},
	Volume = {137},
	Year = {2003}}

@article{interp,
	Author = {H\'{a}jek, Alan},
	Date-Modified = {2007-08-01 12:16:17 -0700},
	Journal = {Stanford Encyclopedia of Philosophy},
	Title = {Interpretations of Probability},
	Year = {2007}}

@article{halpern,
	Author = {Halpern, Joseph},
	Date-Modified = {2009-10-07 16:31:51 +1100},
	Journal = {Games and Economic Behavior},
	Owner = {kenny},
	Title = {Lexicographic Probability, Conditional Probability, and Nonstandard Probability},
	Year = {2009}}

@article{conglom,
	Author = {Hill, Bruce M. and Lane, David},
	Date-Modified = {2012-01-02 21:38:49 +0000},
	Journal = {Sankhy\={a}: The Indian Journal of Statistics, Series A},
	Number = {3},
	Owner = {kenny},
	Pages = {366-379},
	Title = {Conglomerability and Countable Additivity},
	Volume = {47},
	Year = {1985}}

@article{joyceevid,
	Author = {Joyce, James},
	Journal = {Philosophical Perspectives},
	Owner = {kenny},
	Pages = {153-178},
	Title = {How Probabilities Reflect Evidence},
	Volume = {19},
	Year = {2005}}

@book{joyce,
	Author = {Joyce, James},
	Owner = {kenny},
	Publisher = {Cambridge University Press},
	Title = {The Foundations of Causal Decision Theory},
	Year = 1999}

@incollection{statimp,
	Author = {Kadane, Joseph B. and Schervish, Mark J. and Seidenfeld, Teddy},
	Booktitle = {Bayesian Inference and Decision Techniques: Essays in Honor of {B}runo de {F}inetti},
	Date-Modified = {2015-09-03 22:43:06 +0000},
	Editor = {Goel, Prem K. and Zellner, Arnold},
	Owner = {kenny},
	Publisher = {North-Holland},
	Title = {Statistical Implications of Finitely Additive Probability},
	Year = {1986}}

@book{kolmogorov,
	Author = {Kolmogorov, Andrey Nikolaevich},
	Owner = {kenny},
	Publisher = {Chelsea},
	Title = {Foundations of the Theory of Probability},
	Year = {1950}}

@article{lanceaccept,
	Author = {Lance, Mark},
	Journal = {Philosophical Studies},
	Owner = {kenny},
	Pages = {147-179},
	Title = {Subjective Probability and Acceptance},
	Volume = {77},
	Year = {1995}}

@article{airtight,
	Author = {McGee, Vann},
	Journal = {Analysis},
	Month = {October},
	Number = {4},
	Owner = {kenny},
	Pages = {257-265},
	Title = {An Airtight {D}utch Book},
	Volume = {59},
	Year = {1999}}

@article{vex,
	Author = {Nover, Harris and H\'{a}jek, Alan},
	Journal = {Mind},
	Month = {April},
	Owner = {kenny},
	Pages = {305-317},
	Title = {Vexing Expectations},
	Volume = {113},
	Year = {2004}}

@inbook{popiv,
	Author = {Popper, Karl},
	Chapter = {iv*},
	Date-Modified = {2008-04-29 17:11:22 -0700},
	Pages = {326-348},
	Publisher = {Harper \& Row},
	Title = {The Logic of Scientific Discovery},
	Year = {1959}}

@inbook{popv,
	Author = {Popper, Karl},
	Chapter = {v*},
	Owner = {kenny},
	Pages = {???},
	Publisher = {Harper \& Row},
	Title = {The Logic of Scientific Discovery},
	Year = {1959}}

@book{renyi,
	Author = {R\'{e}nyi, Alfred},
	Owner = {kenny},
	Publisher = {Holden-Day},
	Title = {Foundations of Probability},
	Year = {1970}}

@book{randl,
	Author = {Roeper, Peter and LeBlanc, Hugues},
	Owner = {kenny},
	Publisher = {University of Toronto},
	Title = {Probability Theory and Probability Logic},
	Year = {1999}}

@article{conandcon,
	Author = {Roeper, Peter and LeBlanc, Hugues},
	Journal = {Notre Dame Journal of Formal Logic},
	Number = {3},
	Owner = {kenny},
	Pages = {341-363},
	Title = {Consequence and Confirmation},
	Volume = {36},
	Year = {1995}}

@article{indandident,
	Author = {Roeper, Peter and LeBlanc, Hugues},
	Journal = {Notre Dame Journal of Formal Logic},
	Number = {1},
	Owner = {kenny},
	Pages = {1-46},
	Title = {Indiscernibility and Identity in Probability Theory},
	Volume = {32},
	Year = {1991}}

@article{nonconglom,
	Author = {Schervish, Mark J. and Seidenfeld, Teddy and Kadane, Joseph B.},
	Journal = {Zeitschrift f\"{u}r {W}ahrscheinlichkeitstheorie und verwandte {G}ebiete},
	Owner = {kenny},
	Pages = {205-226},
	Title = {The Extent of Non-Conglomerability of Finitely Additive Probabilities},
	Volume = {66},
	Year = {1984}}

@book{schick,
	Author = {Schick, Frederic},
	Publisher = {Cambridge University Press},
	Title = {Ambiguity and Logic},
	Year = {2003}}

@article{improper,
	Author = {Seidenfeld, Teddy and Schervish, Mark J. and Kadane, Joseph B.},
	Journal = {The Annals of Probability},
	Month = {October},
	Number = {4},
	Owner = {kenny},
	Pages = {1612-1624},
	Title = {Improper Regular Conditional Distributions},
	Volume = {29},
	Year = {2001}}

@article{fullbelief,
	Author = {van Fraassen, Bas},
	Journal = {Journal of Philosophical Logic},
	Owner = {kenny},
	Pages = {349-377},
	Title = {Fine-Grained Opinion, Probability, and the Logic of Full Belief},
	Volume = {24},
	Year = {1995}}

@article{sirens,
	Author = {van Fraassen, Bas},
	Date-Modified = {2008-04-22 18:00:14 -0700},
	Journal = {Philosophical Studies},
	Owner = {kenny},
	Pages = {7-37},
	Title = {Belief and the Problem of {U}lysses and the {S}irens},
	Volume = {77},
	Year = {1995}}

@article{belandwill,
	Author = {van Fraassen, Bas},
	Journal = {The Journal of Philosophy},
	Number = {5},
	Owner = {kenny},
	Pages = {235-256},
	Title = {Belief and the Will},
	Volume = {81},
	Year = {1984}}

@article{pso1,
	Author = {van Fraassen, Bas},
	Journal = {Journal of Philosophical Logic},
	Owner = {kenny},
	Pages = {371-394},
	Title = {Probabilistic Semantics Objectified, I. Postulates and Logics},
	Volume = {10},
	Year = {1981}}
