@book{hacking1975,
author={Hacking, Ian},
title={The Emergence of Probability: A Philosophical Study of Early Ideas about Probability, Induction and Statistical Inference},
publisher={Cambridge University Press},
year={1975}
}

@book{cohen1989induction,
author={Cohen, L. Jonathan},
title={An Introduction to the Philosophy of Induction and Probability},
publisher={Oxford: Clarendon Press},
year={1989}
}

@book{cohen1977probable,
author={Cohen, L. Jonathan},
title={The Probable and the Provable},
year={1977},
publisher={Oxford: Clarendon Press}
}




@article{easwaran2011bayesA,
  title={Bayesianism {I}: Introduction and arguments in favor},
  author={Easwaran, Kenny},
  journal={Philosophy Compass},
  volume={6},
  number={5},
  pages={312--320},
  year={2011}
}

@article{easwaran2011bayesB,
  title={Bayesianism {II}: Applications and criticisms},
  author={Easwaran, Kenny},
  journal={Philosophy Compass},
  volume={6},
  number={5},
  pages={321--332},
  year={2011}
}

@article{makinson1965preface,
title={The Paradox of the Preface},
author={Makinson, David},
journal={Analysis},
volume={25},
number={6},
pages={205--207},
year={1965}
}

@article{kvanvig2016intellectual,
  title={Intellectual Humility: Lessons from the Preface Paradox},
  author={Kvanvig, Jonathan L.},
  journal={Res Philosophica},
  volume={93},
  number={3},
  pages={509--532},
  year={2016}
}


@InCollection{sep-logic-nonmonotonic,
	author       =	{Strasser, Christian and Antonelli, G. Aldo},
	title        =	{Non-monotonic Logic},
	booktitle    =	{The Stanford Encyclopedia of Philosophy},
	editor       =	{Edward N. Zalta},
	howpublished =	{\url{https://plato.stanford.edu/archives/sum2018/entries/logic-nonmonotonic/}},
	year         =	2018,
	publisher    =	{Metaphysics Research Lab, Stanford University}
}


@InCollection{sep-formal-belief,
	author       =	{Huber, Franz},
	title        =	{Formal Representations of Belief},
	booktitle    =	{The Stanford Encyclopedia of Philosophy},
	editor       =	{Edward N. Zalta},
	howpublished =	{\url{https://plato.stanford.edu/archives/spr2016/entries/formal-belief/}},
	year         =	{2016},
	edition      =	{Spring 2016},
	publisher    =	{Metaphysics Research Lab, Stanford University}
}


@article{leitgeb2013reducing,
  title={Reducing belief simpliciter to degrees of belief},
  author={Leitgeb, Hannes},
  journal={Annals of Pure and Applied Logic},
  volume={164},
  number={12},
  pages={1338--1389},
  year={2013},
  publisher={Elsevier}
}

@article{leitgeb2014stability,
  title={The stability theory of belief},
  author={Leitgeb, Hannes},
  journal={Philosophical Review},
  volume={123},
  number={2},
  pages={131--171},
  year={2014},
  publisher={Duke University Press Durham, NC}
}
@inproceedings{leitgeb2015humean,
  title={I—The {Humean} thesis on belief},
  author={Leitgeb, Hannes},
  booktitle={Aristotelian Society Supplementary Volume},
  volume={89},
  number={1},
  pages={143--185},
  year={2015},
  organization={Wiley Online Library}
}

@book{loeb2002stability,
  title={Stability and Justification in Hume's Treatise},
  author={Loeb, Louis E.},
  year={2002},
  publisher={Oxford University Press on Demand}
}




@book{cohen1992essay,
title={An Essay on Belief and Acceptance},
author={Cohen, L. Jonathan},
year={1992},
publisher={Clarendon Press: Oxford}
}

@book{loeb2010reflection,
  title={Reflection and the stability of belief: essays on Descartes, Hume, and Reid},
  author={Loeb, Louis E.},
  year={2010},
  publisher={Oxford University Press on Demand}
}

@article{grove1988two,
  title={Two modellings for theory change},
  author={Grove, Adam},
  journal={Journal of philosophical logic},
  volume={17},
  number={2},
  pages={157--170},
  year={1988},
  publisher={Springer}
}

@article{kyburg1997rule,
  title={The rule of adjunction and reasonable inference},
  author={Kyburg, Henry E.},
  journal={The Journal of Philosophy},
  volume={94},
  number={3},
  pages={109--125},
  year={1997},
  publisher={JSTOR}
}

@article{pollock1987defeasible,
title={Defeasible Reasoning},
author={Pollock, John L.},
journal={Cognitive Science},
volume={11},
number={4},
year={1987},
pages={481-518}
}

@article{popper1983proof,
  title={A proof of the impossibility of inductive probability},
  author={Popper, Karl and Miller, David},
  journal={Nature},
  volume={302},
  number={5910},
  pages={687},
  year={1983},
  publisher={Nature Publishing Group}
}

@book{vanfraassen1980image,
author={{van Fraassen}, Bas},
title={The Scientific Image},
publisher={Oxford University Press},
year={1980}
}

@article{vaneijck2014bet,
  author    = {Jan van Eijck and
               Bryan Renne},
  title     = {Belief as Willingness to Bet},
  journal   = {CoRR},
  volume    = {abs/1412.5090},
  year      = {2014},
  url       = {http://arxiv.org/abs/1412.5090},
  archivePrefix = {arXiv},
  eprint    = {1412.5090},
  timestamp = {Mon, 13 Aug 2018 16:48:44 +0200},
  biburl    = {https://dblp.org/rec/bib/journals/corr/EijckR14},
  bibsource = {dblp computer science bibliography, https://dblp.org}
}

@incollection{weirich2004belief,
author={Weirich, Paul},
title={Belief and Acceptance},
editor={Niiniluoto, Ilkka and Sintonen, Matti and Wole\'{n}ski, Jan},
booktitle={Handbook of Epistemology},
pages={499--520},
publisher={Dordrecht: Kluwer Academic Publishers},
year={2004}
}



@incollection{makinson2015lossy,
  title={Lossy inference rules and their bounds: A brief review},
  author={Makinson, David and Hawthorne, James},
  booktitle={The Road to Universal Logic},
  pages={385--407},
  year=2015,
  publisher={Springer}
}

@article{staffel2013can,
  title={Can there be reasoning with degrees of belief?},
  author={Staffel, Julia},
  journal={Synthese},
  volume={190},
  number={16},
  pages={3535--3551},
  year={2013},
  publisher={Springer}
}

@article{staffel2016beliefs,
  title={Beliefs, buses and lotteries: Why rational belief can’t be stably high credence},
  author={Staffel, Julia},
  journal={Philosophical Studies},
  volume={173},
  number={7},
  pages={1721--1734},
  year={2016},
  publisher={Springer}
}

@article{rott2017stability,
  title={Stability and Scepticism in the Modelling of Doxastic States: Probabilities and Plain Beliefs},
  author={Rott, Hans},
  journal={Minds and Machines},
  volume={27},
  number={1},
  pages={167--197},
  year={2017},
  publisher={Springer}
}

@article{douven2002newsolution,
title={A New Solution to the Paradoxes of Rational Acceptability},
author={Douven, Igor},
journal={British Journal for the Philosophy of Science},
volume={53},
year={2002},
pages={391-410}
}

@article{douven2018probabilities,
  title={From probabilities to categorical beliefs: Going beyond toy models},
  author={Douven, Igor and Rott, Hans},
  journal={Journal of Logic and Computation},
  volume={28},
  number={6},
  pages={1099--1124},
  year={2018},
  publisher={Oxford University Press}
}

@article{thomson1986liability,
  title={Liability and individualized evidence},
  author={Thomson, Judith Jarvis},
  journal={Law and Contemporary Prolems},
  volume={49},
  number={3},
  pages={199-219},
  year={1986}
}

@book{schauer2003profiles,
title={Profiles, Probabilities and Stereotypes},
author={Schauer, Frederick},
year={2003},
publisher={Belknap Press}
}



@article{buchak2014belief,
  title={Belief, credence, and norms},
  author={Buchak, Lara},
  journal={Philosophical Studies},
  volume={169},
  number={2},
  pages={285--311},
  year={2014},
  publisher={Springer}
}

@article{shear2018two,
  title={Two approaches to belief revision},
  author={Shear, Ted and Fitelson, Branden},
  journal={Erkenntnis},
  year={2018}
}

@book{kyburg1961probability,
  title={Probability and the logic of rational belief},
  author={Kyburg, Henry E.},
  year={1961},
  publisher={Wesleyan University Press}
}

@article{roorda1995wolfman,
title={Revenge of {Wolfman}: A Probabilistic Explication of Full Belief},
author={Roorda, Jonathan},
year=1995,
journal={unpublished},
url={https://www.princeton.edu/~bayesway/pu/Wolfman.pdf}
}

@article{lehrer1965knowledge,
  title={Knowledge, truth and evidence},
  author={Lehrer, Keith},
  journal={Analysis},
  volume={25},
  number={5},
  pages={168--175},
  year={1965},
  publisher={JSTOR}
}

@article{paxson1969knowledge,
  title={Knowledge: Undefeated justified true belief},
  author={family=Paxson, suffix=Jr., given=Thomas and Lehrer, Keith},
  journal={The Journal of Philosophy},
  volume={66},
  number={8},
  pages={225--237},
  year={1969}
}

@article{raidl2017bridging,
  title={Bridging Ranking Theory and the Stability theory of belief},
  author={Raidl, Eric and Skovgaard-Olsen, Niels},
  journal={Journal of Philosophical Logic},
  volume={46},
  number={6},
  pages={577--609},
  year={2017},
  publisher={Springer}
}

@incollection{rott2004stability,
  title={Stability, strength and sensitivity: Converting belief into knowledge},
  author={Rott, Hans},
  booktitle={Contextualisms in Epistemology},
  pages={327--351},
  year={2004},
  publisher={Springer}
}

@book{earman1992bayes,
title={Bayes or bust?: a critical examination of Bayesian confirmation theory},
author={Earman, John},
year={1992},
publisher={MIT Press}
}

@book{howson2006scientific,
  title={Scientific reasoning: the Bayesian approach},
  author={Howson, Colin and Urbach, Peter},
  year={2006},
  publisher={Open Court Publishing}
}

@InCollection{sep-rationality-normative-utility,
	author       =	{Briggs, R.A.},
	title        =	{Normative Theories of Rational Choice: Expected Utility},
	booktitle    =	{The Stanford Encyclopedia of Philosophy},
	editor       =	{Edward N. Zalta},
	howpublished =	{\url{https://plato.stanford.edu/archives/spr2017/entries/rationality-normative-utility/}},
	year         =	{2017},
	publisher    =	{Metaphysics Research Lab, Stanford University}
}

@book{resnik1987choices,
  title={Choices: An introduction to decision theory},
  author={Resnik, Michael D},
  year={1987},
  publisher={University of Minnesota Press}
}

@article{perry1979problem,
  title={The problem of the essential indexical},
  author={Perry, John},
  journal={No{\^u}s},
  pages={3--21},
  year={1979},
  publisher={JSTOR}
}

@inproceedings{korb1992collapse,
title={The Collapse of Collective Defeat: Lessons from the Lottery Paradox},
author={Korb, Kevin B.},
booktitle={PSA: Proceedings of the Biennial Meeting of the Philosophy of Science Association},
year={1992},
pages={230--236},
volume={1},
editor={Hull, David and Forbes, Micky and Okruhlik, Kathleen}
}

@inproceedings{arlo1999qualitative,
  title={Qualitative and probabilistic models of full belief},
  author={Arl{\'o}-Costa, Horacio},
  booktitle={Proceedings of Logic Colloquim},
  editor={Buss, Samuel R. and H\'{a}jek, Petr and Pudl\'{a}k, Pavel},
  volume={98},
  pages={25--43},
  year={1999}
}

@article{van1995fine,
  title={Fine-grained opinion, probability, and the logic of full belief},
  author={{van Fraassen}, Bas C},
  journal={Journal of Philosophical logic},
  volume={24},
  number={4},
  pages={349--377},
  year={1995},
  publisher={Springer}
}

@article{arlo2012belief,
  title={Belief and probability: A general theory of probability cores},
  author={Arl{\'o}-Costa, Horacio and Pedersen, Arthur Paul},
  journal={International Journal of Approximate Reasoning},
  volume={53},
  number={3},
  pages={293--315},
  year={2012},
  publisher={Elsevier}
}

@book{pollock2006thinking,
title={Thinking about Acting: Logical Foundations for Rational Decision Making},
author={Pollock, John L.},
year={2006},
publisher={Oxford University Press}
}

@article{cohen1989belief,
title={Belief and Acceptance},
author={Cohen, L. Jonathan},
journal={Mind},
volume={89},
number={391},
pages={367--389}
}

@book{harman1986change,
title={Change in view: Principles of Reasoning},
author={Harman, Gilbert},
year={1986},
publisher={MIT Press}
}

@article{horgan2017troubles,
title={Troubles for Bayesian Formal Epistemology},
author={Horgan, Terry},
journal={Res Philosophica},
volume={94},
number={2},
year={2017},
pages={233--255}
}



@book{foley1993working,
  title={Working without a net: A study of egocentric epistemology},
  author={Foley, Richard},
  year={1993},
  publisher={Oxford University Press}
}

@book{leitgeb2017stability,
  title={The stability of belief: How rational belief coheres with probability},
  author={Leitgeb, Hannes},
  year={2017},
  publisher={Oxford University Press}
}

@article{gardenfors1986dynamics,
  title={The dynamics of belief: Contractions and revisions of probability functions},
  author={G{\"a}rdenfors, Peter},
  journal={Topoi},
  volume={5},
  number={1},
  pages={29--37},
  year={1986},
  publisher={Springer}
}

@article{nelkin2000lottery,
  title={The lottery paradox, knowledge, and rationality},
  author={Nelkin, Dana K.},
  journal={The Philosophical Review},
  volume={109},
  number={3},
  pages={373--409},
  year={2000},
 }

@article{allais1953lecomportement,
title={Le Comportement de l'Homme Rationnel devant le Risque: Critique des Postulats et Axiomes de l'Ecole Americaine},
author={Allais, Maurice},
journal={Econometrica},
volume={21},
number={4},
year={1953},
pages={503--546}
}

@article{ellsberg1961risk,
title={Risk, Ambiguity, and the Savage Axioms},
author={Ellsberg, Daniel},
journal={Quarterly Journal of Economics},
volume={75},
number={4},
pages={643--669},
year={1961}
}

@book{savage1972foundations,
title={The Foundations of Statistics},
edition={2nd},
publisher={Dover},
year={1972},
author={Savage, Leonard} 
}

@book{savage1954foundations,
  title={The Foundations of Statistics},
  author={Savage, Leonard J.},
  series={Wiley publications in statistics},
  year={1954},
  publisher={Wiley}
}


@book{vonneumann1944theory,
title={Theory of Games and Economic Behavior},
author={von Neumann, John and Morgenstern, Oskar},
year={1944},
publisher={Princeton University Press}
}



@article{kraus1990nonmonotonic,
  title={Nonmonotonic reasoning, preferential models and cumulative logics},
  author={Kraus, Sarit and Lehmann, Daniel and Magidor, Menachem},
  journal={Artificial intelligence},
  volume={44},
  number={1-2},
  pages={167--207},
  year={1990},
  publisher={Elsevier}
}

@incollection{gabbay1985theoretical,
  title={Theoretical foundations for non-monotonic reasoning in expert systems},
  author={Gabbay, Dov M},
  booktitle={Logics and models of concurrent systems},
  pages={439--457},
  year={1985},
  publisher={Springer}
}

@book{hansson1999dynamics,
author={Hansson, Sven Ove},
title={A Textbook of Belief Dynamics: Theory Change and Database Updating},
year={1999},
publisher={Kluwer Academic Publishers}
}

@InCollection{sep-logic-belief-revision,
	author       =	{Hansson, Sven Ove},
	title        =	{Logic of Belief Revision},
	booktitle    =	{The Stanford Encyclopedia of Philosophy},
	editor       =	{Edward N. Zalta},
	howpublished =	{\url{https://plato.stanford.edu/archives/win2017/entries/logic-belief-revision/}},
	year         =	{2017},
	publisher    =	{Metaphysics Research Lab, Stanford University}
}

@incollection{hempel1962dednom,
title={Deductive-Nomological vs. Statistical Explanation},
author={Hempel, Carl G.},
booktitle={Vol 3.},
series={Minnesota Studies in the Philosophy of Science},
editor={Fiegl, H. and Maxwell, G.},
year={1962},
publisher={University of Minnesota Press},
pages={98-169}
}

@book{definetti1970theory,
title={Theory of Probability},
author={de Finetti, Bruno},
year={1970},
publisher={New York: Wiley}
}

@article{popper1955probability,
title={Two Autonomous Systems for the Calculus of Probabilities},
journal={British Journal for the Philosophy of Science},
volume={6},
number={21},
pages={51-57},
number={3-4},
year={1955},
author={Popper, Karl}
}

@article{hajek2003what,
title={What Conditional Probability Could Not Be},
author={H\'{a}jek, Alan},
year={2003},
journal={Synthese},
volume={137},
number={3},
pages={272--323}
}

@book{fine1973theories,
title={Theories of Probability: An Examination of Foundations},
author={Fine, Terrence},
year={1973},
publisher={Elsevier}
}

@article{koopman1940axioms,
title={The Axioms and Algebra of Intuitive Probability},
journal={The Annals of Mathematics},
volume={41},
number={2},
pages={269-292},
year={1940},
author={Koopman, Bernard O.}
}


@incollection{thoma2019decision,
title={Decision Theory},
author={Thoma, Johanna},
year={2019},
editor={Pettigrew, Richard and Weisberg, Jonathan},
booktitle={The Open Handbook of Formal Epistemology}
}

@incollection{lin2019belief,
title={Belief Revision Theory},
author={Lin, Hanti},
year={2019},
editor={Pettigrew, Richard and Weisberg, Jonathan},
booktitle={The Open Handbook of Formal Epistemology}
}



@article{huber2007consistency,
title={The Consistency Argument for Ranking Functions},
author={Huber, Franz},
journal={Studia Logica},
volume={86},
year={2007},
pages={299-329}
}

@incollection{konek2019comparative,
title={Comparative Probabilities},
author={Konek, Jason},
year={2019},
editor={Pettigrew, Richard and Weisberg, Jonathan},
booktitle={The Open Handbook of Formal Epistemology}
}


@incollection{huber2019ranking,
title={Ranking Theory},
author={Huber, Franz},
year={2019},
editor={Pettigrew, Richard and Weisberg, Jonathan},
booktitle={The Open Handbook of Formal Epistemology}
}

@incollection{mahtani2019imprecise,
title={Imprecise Probabilities},
author={Mahtani, Anna},
year={2019},
editor={Pettigrew, Richard and Weisberg, Jonathan},
booktitle={The Open Handbook of Formal Epistemology}
}

@article{douven2006generalizing,
title={Generalizing the Lottery Paradox},
author={Douven, Igor and Williamson, Timothy},
journal={British Journal for the Philosophy of Science},
volume={57},
pages={755-779},
year={2006}
}

@article{dempster1968generalization,
title={A Generalization of {Bayesian} Inference},
author={Dempster, Arthur P.},
journal={Journal of the Royal Statistical Society (Series B, Methodological)},
volume=30,
number=2,
pages={205-247},
year=1968
}

@book{shafer1976mathematical,
title={A Mathematical Theory of Evidence},
author={Shafer, Glenn},
publisher={Princeton University Press},
year={1976}
}

@incollection{easwaran2015primitive,
title={Primitive Conditional Probabilities},
author={Easwaran, Kenny},
year={2015},
editor={Pettigrew, Richard and Weisberg, Jonathan},
booktitle={The Open Handbook of Formal Epistemology}
}

@article{gyenis2017conditioning,
title={Conditioning using conditional expectations: the {Borel-Kolmogorov} Paradox},
author={Gyenis, Zal\'{a}n and Hofer-Szab\'{o}, G\'{a}bor and R\'{e}dei, Mikl\'{o}s},
journal={Synthese},
volume={194},
number={7},
pages={2595--2630},
year={2017}
}

@article{renyi1955newsystem,
title={On a New Axiomatic System for Probability},
author={R{e}nyi, Alfr\'{e}d},
journal={Acta Mathematica Academiae Scientiarum Hungaricae},
volume={6},
pages={285-335},
year={1955}
}

@book{definetti1972probability,
title={Probability, Induction and Statistics},
author={de Finetti, Bruno},
year={1972},
publisher={New York: Wiley}
}

@book{kolmogorov1950foundations,
title={Foundations of the Theory of Probability},
author={Kolmogorov, Andrey Nikolaevich},
publisher={New York: Chelsea},
year={1950}
}

@incollection{weisberg2011varieties,
title={Varieties of Bayesianism},
author={Weisberg, Jonathan},
booktitle={Volume 10: Inductive Logic},
series={Handbook of the History of Logic},
year={2011},
publisher={Elsevier},
editor={Gabbay, Dov M. and Hartmann, Stephan and Woods, John},
pages={477--553}
}


@incollection{doyle1992reason,
title={Reason Maintenance and Belief Revision: Foundations vs. Coherence Theories},
author={Doyle, Jon},
booktitle={Belief Revision},
series={Cambridge Tracts in Theoretical Computer Science},
editor={G{\"a}rdenfors, Peter},
year=1992,
publisher={Cambridge University Press},
pages={29--52}
}

@incollection{rott2009shifting,
  title={Shifting priorities: Simple representations for twenty-seven iterated theory change operators},
  author={Rott, Hans},
  booktitle={Towards mathematical philosophy},
  editor={Makinson, David and Malinowski, Jacek and Wansing, Heinrich},
  series={Trends in Logic},
  pages={269--296},
  year={2009},
  publisher={Springer}
}

@article{huber2013ranking,
  title={Belief revision {II}: Ranking Theory},
  author={Huber, Franz},
  journal={Philosophy Compass},
  volume=8,
  number=7,
  pages={613--621},
  year=2013,
  publisher={Wiley Online Library}
}


@article{huber2013belief,
  title={Belief revision {I}: the {AGM} theory},
  author={Huber, Franz},
  journal={Philosophy Compass},
  volume=8,
  number=7,
  pages={604--612},
  year=2013,
  publisher={Wiley Online Library}
}

@incollection{gardenfors1992beliefrevision,
title={Belief Revision: An Introduction},
author={G{\"a}rdenfors, Peter},
booktitle={Belief Revision},
series={Cambridge Tracts in Theoretical Computer Science},
editor={G{\"a}rdenfors, Peter},
year={1992},
publisher={Cambridge University Press},
pages={1--29}
}

@book{quine1970web,
  title={The Web of Belief},
  author={Quine, Willard Van Orman and Ullian, Joseph Silbert},
  year={1970},
  publisher={Random House}
}

@book{quine1990pursuit,
title={Pursuit of Truth},
author={Quine, Willard Van Orman},
year=1990,
publisher={Harvard University Press}
}

@article{doyle1979truth,
  title={A truth maintenance system},
  author={Doyle, Jon},
  journal={Artificial intelligence},
  volume={12},
  number={3},
  pages={231--272},
  year={1979},
  publisher={Elsevier}
}

@article{easwaran2015truthlove,
title={Dr. {Truthlove} or: How {I} Learned to Stop Worrying and Love {Bayesian} Probabilities},
author={Easwaran, Kenny},
journal={Nous},
volume=50,
number=4,
pages={816--853},
year=2015
}

@article{dorst2017lockeans,
  title={Lockeans maximize expected accuracy},
  author={Dorst, Kevin},
  journal={Mind},
  volume={128},
  number={509},
  pages={175-211},
  year={2017}
}

@article{pettigrew2016jamesian,
  title={Jamesian epistemology formalised: An explication of `The Will to Believe'.},
  author={Pettigrew, Richard},
  journal={Episteme},
  volume={13},
  number={3},
  pages={253-268},
  year={2016}
}

@incollection{pierce1877fixation,
title={The Fixation of Belief},
booktitle={The Essential {Pierce}: Selected Philosophical Writings. Vol. I.},
author={Peirce, Charles Sanders},
editor={Houser, Nathan and Kloesel, Christian},
publisher={Indiana University Press},
year={1877}
}

@book{levi1967gambling,
  title={Gambling with truth: An essay on induction and the aims of science},
  author={Levi, Isaac},
  year={1967},
  publisher={MIT Press}
}

@book{levi1991fixation,
title={The Fixation of Belief and its Undoing},
author={Levi, Isaac},
year={1991}, 
publisher={Cambridge University Press} 
}

@article{hansson1991belief,
  title={Belief contraction without recovery},
  author={Hansson, Sven Ove},
  journal={Studia logica},
  volume={50},
  number={2},
  pages={251--260},
  year={1991},
  publisher={Springer}
}

@article{rott1999severe,
  title={Severe withdrawal (and recovery)},
  author={Rott, Hans and Pagnucco, Maurice},
  journal={Journal of Philosophical Logic},
  volume={28},
  number={5},
  pages={501--547},
  year={1999},
  publisher={Springer}
}

@article{hansson1999survey,
  title={A survey of non-prioritized belief revision},
  author={Hansson, Sven Ove},
  journal={Erkenntnis},
  volume={50},
  number={2-3},
  pages={413--427},
  year={1999},
  publisher={Springer}
}

@article{rott2003basic,
  title={Basic entrenchment},
  author={Rott, Hans},
  journal={Studia Logica},
  volume={73},
  number={2},
  pages={257--280},
  year={2003},
  publisher={Springer}
}

@book{gardenfors1988knowledge,
  title={Knowledge in flux: Modeling the dynamics of epistemic states.},
  author={G{\"a}rdenfors, Peter},
  year={1988},
  publisher={The MIT press}
}

@inproceedings{harper1976rational,
  title={Rational conceptual change},
  author={Harper, William L},
  booktitle={PSA: Proceedings of the Biennial Meeting of the Philosophy of Science Association},
  volume={1976},
  number={2},
  pages={462--494},
  year={1976},
  organization={Philosophy of Science Association}
}

@article{levi1977subjunctives,
  title={Subjunctives, dispositions and chances},
  author={Levi, Isaac},
  journal={Synthese},
  volume={34},
  number={4},
  pages={423--455},
  year={1977},
  publisher={Springer}
}

@inproceedings{gardenfors1988revisions,
  title={Revisions of knowledge systems using epistemic entrenchment},
  author={G{\"a}rdenfors, Peter and Makinson, David},
  booktitle={Proceedings of the 2nd conference on Theoretical aspects of reasoning about knowledge},
  pages={83--95},
  year={1988},
  organization={Morgan Kaufmann Publishers Inc.}
}

@incollection{ferme2001shielded,
  title={Shielded contraction},
  author={Ferm{\'e}, Eduardo L and Hansson, Sven Ove},
  booktitle={Frontiers in Belief Revision},
  pages={85--107},
  year={2001},
  publisher={Springer}
}

@article{ryan1996virtues,
title={The Epistemic Virtues of Consistency},
author={Ryan, Sharon},
journal={Synthese},
volume={109},
pages={121--141},
year={1996} 
}

@book{pollock1995cognitive,
title={Cognitive Carpentry: A Blueprint for How to Build a Person},
author={Pollock, John L.},
publisher={MIT Press},
year={1995}
}

@article{alchourron1985logic,
  title={On the logic of theory change: Partial meet contraction and revision functions},
  author={Alchourr{\'o}n, Carlos E and G{\"a}rdenfors, Peter and Makinson, David},
  journal={The Journal of Symbolic Logic},
  volume={50},
  number={2},
  pages={510--530},
  year={1985},
  publisher={Cambridge University Press}
}

@incollection{makinson1994general,
  title={General patterns in nonmonotonic reasoning},
  booktitle={Handbook of logic in artificial intelligence and logic programming (vol. 3): nonmonotonic reasoning and uncertain reasoning},
  author={Makinson, David},
  editor={Gabbay, Dov M. and Hogger, C.J. and Robinson, J.A.},
  year=1994,
  publisher={Oxford University Press},
  pages={35-111}
}

@incollection{schurz2011abductive,
  title={Abductive Belief Revision in Science},
  author={Schurz, Gerhard},
  booktitle={Belief Revision Meets Philosophy of Science},
  pages={77--104},
  year={2011},
  publisher={Springer}
}

@book{kelly1996logic,
  title={The Logic of Reliable Inquiry},
  author={Kevin T. Kelly},
  year={1996},
  publisher={Oxford University Press}
}

@incollection{lin2019correspondence,
  title={Beliefs, Probabilities, and their Coherent Correspondence},
  author={Kevin T. Kelly and Hanti Lin},
  editor={Douven, Igor},
  booktitle={Lotteries, Knowledge and Rational Belief: Essays on the Lottery Paradox},
  year={forthcoming},
  publisher={Cambridge University Press}
}

@article{ullman1983presumption,
  title={On presumption},
  author={Ullman-Margalit, Edna},
  journal={The Journal of Philosophy},
  volume={80},
  number={3},
  pages={143--163},
  year={1983},
  publisher={JSTOR}
}

@article{lin2012propositional,
  title={Propositional reasoning that tracks probabilistic reasoning},
  author={Lin, Hanti and Kevin T. Kelly},
  journal={Journal of philosophical logic},
  volume={41},
  number={6},
  pages={957--981},
  year={2012},
  publisher={Springer}
}

@article{gettier1963justified,
  title={Is justified true belief knowledge?},
  author={Gettier, Edmund L},
  journal={analysis},
  volume={23},
  number={6},
  pages={121--123},
  year={1963},
  publisher={JSTOR}
}

@book{stalnaker1984inquiry,
title={Inquiry},
author={Stalnaker, Robert},
publisher={MIT Press},
year={1984}
}

@article{stalnaker1994nonmonotonic,
  title={What is a nonmonotonic consequence relation?},
  author={Stalnaker, Robert},
  journal={Fundamenta Informaticae},
  volume={21},
  number={1, 2},
  pages={7--21},
  year={1994},
  publisher={IOS Press}
}

@article{moore1985semantical,
  title={Semantical considerations on nonmonotonic logic},
  author={Moore, Robert C},
  journal={Artificial intelligence},
  volume={25},
  number={1},
  pages={75--94},
  year={1985},
  publisher={Elsevier}
}

@article{dung1995acceptability,
  title={On the acceptability of arguments and its fundamental role in nonmonotonic reasoning, logic programming and n-person games},
  author={Dung, Phan Minh},
  journal={Artificial intelligence},
  volume={77},
  number={2},
  pages={321--357},
  year={1995},
  publisher={Elsevier}
}

@incollection{prakken2001logics,
  title={Logics for defeasible argumentation},
  author={Prakken, Henry and Vreeswijk, Gerard},
  booktitle={Handbook of philosophical logic},
  pages={219--318},
  year={2001},
  publisher={Springer}
}

@book{antonelli2005grounded,
  title={Grounded consequence for defeasible logic},
  author={Antonelli, Aldo},
  year={2005},
  publisher={Cambridge University Press}
}

@book{horty2012reasons,
  title={Reasons as defaults},
  author={Horty, John F.},
  year=2012,
  publisher={Oxford University Press}
}

@inproceedings{etherington1983inheritance,
  title={On Inheritance Hierarchies With Exceptions.},
  author={Etherington, David W and Reiter, Raymond},
  booktitle={AAAI},
  volume={83},
  pages={104--108},
  year={1983}
}

@article{reiter1980logic,
  title={A logic for default reasoning},
  author={Reiter, Raymond},
  journal={Artificial intelligence},
  volume={13},
  number={1-2},
  pages={81--132},
  year={1980},
  publisher={Elsevier}
}

@article{mccarthy1980circumscription,
  title={Circumscription—a form of non-monotonic reasoning},
  author={McCarthy, John},
  journal={Artificial intelligence},
  volume={13},
  number={1-2},
  pages={27--39},
  year={1980},
  publisher={Elsevier}
}

@article{moon2017beliefs,
author = {Andrew Moon},
title = {Beliefs do not come in degrees},
journal = {Canadian Journal of Philosophy},
volume = {47},
number = {6},
pages = {760-778},
year  = {2017}
}

@article{carnap1947application,
author={Carnap, Rudolf},
title={On the application of inductive logic},
journal={Philosophy and Phenomenological Research},
volume={8},
pages={133--148},
year={1947}
}

@article{staffel2018beliefs,
  title={How do beliefs simplify reasoning?},
  author={Staffel, Julia},
  journal={No{\^u}s},
  year={2018},
  publisher={Wiley Online Library}
}

@inproceedings{shoham1987semantical,
  title={A semantical approach to nonmonotonic logics},
  author={Shoham, Yoav},
  booktitle={Readings in nonmonotonic reasoning},
  pages={227--250},
  year={1987},
  organization={Morgan Kaufmann Publishers Inc.}
}

@book{ross1930right,
  title={The right and the good},
  author={Ross, David},
  year={1930},
  publisher={Oxford University Press}
}

@article{stalnaker1981indexical,
  title={Indexical belief},
  author={Stalnaker, Robert},
  journal={Synthese},
  volume={49},
  number={1},
  pages={129--151},
  year={1981},
  publisher={Springer}
}

@article{liao2012centered,
  title={What are centered worlds?},
  author={Liao, Shen-yi},
  journal={The Philosophical Quarterly},
  volume={62},
  number={247},
  pages={294--316},
  year={2012},
  publisher={Blackwell Publishers Ltd Oxford, UK and Boston, USA}
}

@article{lewis1979attitudes,
  title={Attitudes de dicto and de se},
  author={Lewis, David},
  journal={The philosophical review},
  volume={88},
  number={4},
  pages={513--543},
  year={1979},
  publisher={JSTOR}
}

@article{leitgeb2010objective,
title={An Objective Justification of {Bayesianism II}: The Consequences of Minimizing Inaccuracy},
author={Leitgeb, Hannes and Pettigrew, Richard},
journal={Philosophy of Science},
volume={77},
pages={236-272},
year={2010}
} 

@incollection{skyrms2006diachronic,
title={Diachronic Coherence and Probability Kinematics},
author={Skyrms, Brian},
booktitle={Degrees of Belief},
editor={Huber, Franz and Schmidt-Petri, C.},
series={Synthese Library},
publisher={Springer},
pages={73--79},
year={2009}
}


@incollection{frankish2009partial,
title={Partial belief and flat-out belief},
author={Frankish, Keith},
booktitle={Degrees of Belief},
editor={Huber, Franz and Schmidt-Petri, C.},
series={Synthese Library},
publisher={Springer},
pages={73--79},
year={2009}
}

@incollection{ramseytruth,
  title={Truth and Probability},
  author={Ramsey, Frank P.},
  booktitle={The Foundations of Mathematics and other Logical Essays},
  editor={R.B. Braithwaite},
  pages={156-199},
  year={1931},
  publisher={Routledge}
}

@article{armendt1980isthere,
title={Is There a {Dutch} book Argument for Probability Kinematics?},
author={Armendt, Brad},
journal={Philosophy of Science},
volume={47},
pages={583--588},
year={1980}
}

@article{teller1973conditionalization,
title={Conditionalization and Observation},
author={Teller, Paul},
journal={Synthese},
volume={26},
year={1973},
pages={218-258}
}


@book{jeffrey1983logic,
title={The Logic of Decision},
author={Jeffrey, Richard C.},
edition={2nd},
publisher={University of Chicago Press},
year={1983}
}

@incollection{jeffrey1970,
title={Dracula meets {Wolfman}: Acceptance vs. {Partial Belief}},
author={Jeffrey, Richard C.},
editor={Swain, Marshall},
booktitle={Induction, Acceptance, and Rational Belief},
year={1970},
publisher={D. Reidl},
series={Synthese Library}
}

@incollection{lewis1999why,
title={Why Conditionalize?},
author={Lewis, David},
booktitle={Papers in Metaphysics and Epistemology},
publisher={Cambridge University Press},
pages={403-407},
year={1999}
}


@book{kaplan1996decision,
title={Decision Theory as Philosophy},
author={Kaplan, Mark},
year={1996},
publisher={Cambridge University Press}
}

@inproceedings{de1937prevision,
  title={La pr{\'e}vision: ses lois logiques, ses sources subjectives},
  author={de Finetti, Bruno},
  booktitle={Annales de l'institut Henri Poincar{\'e}},
  volume={7},
  number={1},
  pages={1--68},
  year={1937}
}

@InCollection{sep-belief,
	author       =	{Schwitzgebel, Eric},
	title        =	{Belief},
	booktitle    =	{The Stanford Encyclopedia of Philosophy},
	editor       =	{Edward N. Zalta},
	howpublished =	{\url{https://plato.stanford.edu/archives/sum2015/entries/belief/}},
	year         =	{2015},
}

@incollection{spohn1988ordinal,
title={Ordinal Conditional Functions: A Dynamic Theory of Epistemic States},
author={Spohn, Wolfgang},
editor={Harper, William L. and Skyrms, Brian},
booktitle={Causation in Decision, Belief Change and Statistics: Proceedings of the Irvine Conference on Probability and Causation},
series={The University of Western Ontario Series in Philosophy of Science},
publisher={Kluwer},
year={1988},
pages={105--134}
}

@article{spohn2017knightian,
title={Knightian Uncertainty Meets Ranking Theory},
author={Spohn, Wolfgang},
journal={Homo Oeconomicus},
year={2017},
volume={34},
number={4},
pages={293--311}
}

@article{spohn2019defeasible,
title={Defeasible normative reasoning},
author={Spohn, Wolfgang},
journal={Synthese},
year={2019}
}

@book{spohn2012laws,
title={The Laws of Belief: Ranking Theory and its Philosophical Applications},
author={Spohn, Wolfgang},
publisher={Oxford University Press},
year={2012}
}

@book{moss2018probabilistic,
  title={Probabilistic knowledge},
  author={Moss, Sarah},
  year={2018},
  publisher={Oxford University Press}
}

@article{lin2013foundations,
title={Foundations of Everyday Practical Reasoning},
author={Lin, Hanti},
journal={Journal of Philosophical Logic},
volume={42},
number={6},
pages={831--862},
year={2013}
}

@article{genin2017howinductive,
title={How Inductive is {Bayesian} conditioning?},
author={Genin, Konstantin},
year={2017},
journal={Manuscript},
url={https://kgenin.github.io/papers/conditioning\_long.pdf}
}



@article{eriksson2007degrees,
  title={What are degrees of belief?},
  author={Eriksson, Lina and H{\'a}jek, Alan},
  journal={Studia Logica},
  volume={86},
  number={2},
  pages={183--213},
  year={2007},
  publisher={Springer}
}

@article{kemeny1955fair,
title={Fair Bets and Inductive Probabilities},
author={Kemeny, John G. },
journal={Journal of Symbolic Logic},
volume=20,
pages={263--273},
year=1955
}

@book{huber2019belief,
title={Belief and Counterfactuals. A Study in Means-End Philosophy.},
author={Huber, Franz},
year={manuscript},
publisher={Oxford University Press}
}

@InCollection{sep-probability-interpret,
	author       =	{Hájek, Alan},
	title        =	{Interpretations of Probability},
	booktitle    =	{The Stanford Encyclopedia of Philosophy},
	editor       =	{Edward N. Zalta},
	howpublished =	{\url{https://plato.stanford.edu/archives/win2012/entries/probability-interpret/}},
	year         =	{2012},
	publisher    =	{Metaphysics Research Lab, Stanford University}
}

@article{joyce1998nonpragmatic,
title={A Nonpragmatic Vindication of Probabilism},
author={James M. Joyce},
journal={Philosophy of Science},
volume={65},
pages={575--603},
year={1998}
}

@book{pettigrew2016accuracy,
author={Pettigrew, Richard},
title={Accuracy and the Laws of Credence},
year={2016},
publisher={Oxford University Press}
}

@InCollection{sep-epistemic-utility,
	author       =	{Pettigrew, Richard},
	title        =	{Epistemic Utility Arguments for Probabilism},
	booktitle    =	{The Stanford Encyclopedia of Philosophy},
	editor       =	{Edward N. Zalta},
	howpublished =	{\url{https://plato.stanford.edu/archives/spr2016/entries/epistemic-utility/}},
	year         =	{2016},
	publisher    =	{Metaphysics Research Lab, Stanford University}
}

@article{hajek2017tale,
  title={A Tale of Two Epistemologies?},
  author={H{\'a}jek, Alan and Lin, Hanti},
  journal={Res Philosophica},
  volume={94},
  number={2},
  pages={207--232},
  year={2017}
}

@article{cohen1980some,
  title={Some historical remarks on the {B}aconian conception of probability},
  author={Cohen, L. Jonathan},
  journal={Journal of the History of Ideas},
  pages={219--231},
  year=1980
  }

@misc{keynes1921treatise,
  title={A Treatise on Probability. Vol. 8 of Collected Writings (1973 ed.)},
  author={Keynes, John Maynard},
  year={1921},
  publisher={London: Macmillan}
}
