@incollection{thisvolume:titelbaum,
	author = {Michael G. Titelbaum},
	title = {Precise Credences},
	year = {2019},
	booktitle = {The Open Handbook of Formal Epistemology},
	publisher = {PhilPapers},
	editor = {Richard Pettigrew and Jonathan Weisberg}
}

@incollection{thisvolume:thoma,
	author = {Johanna Thoma},
	title = {Decision Theory},
	year = {2019},
	booktitle = {The Open Handbook of Formal Epistemology},
	publisher = {PhilPapers},
	editor = {Richard Pettigrew and Jonathan Weisberg}
}

@incollection{thisvolume:mahtani,
	author = {Anna Mahtani},
	title = {Imprecise Probabilities},
	year = {2019},
	booktitle = {The Open Handbook of Formal Epistemology},
	publisher = {PhilPapers},
	editor = {Richard Pettigrew and Jonathan Weisberg}
}

@incollection{thisvolume:easwaran,
	author = {Kenny Easwaran},
	title = {Conditional Probabilities},
	year = {2019},
	booktitle = {The Open Handbook of Formal Epistemology},
	publisher = {PhilPapers},
	editor = {Richard Pettigrew and Jonathan Weisberg}
}

@incollection{thisvolume:wenmackers,
	author = {Sylvia Wenmackers},
	title = {Infinitesimal Probabilities},
	year = {2019},
	booktitle = {The Open Handbook of Formal Epistemology},
	publisher = {PhilPapers},
	editor = {Richard Pettigrew and Jonathan Weisberg}
}

@incollection{thisvolume:konek,
	author = {Jason Konek},
	title = {Comparative Probabilities},
	year = {2019},
	booktitle = {The Open Handbook of Formal Epistemology},
	publisher = {PhilPapers},
	editor = {Richard Pettigrew and Jonathan Weisberg}
}

@incollection{thisvolume:lin,
	author = {Hanti Lin},
	title = {Belief Revision Theory},
	year = {2019},
	booktitle = {The Open Handbook of Formal Epistemology},
	publisher = {PhilPapers},
	editor = {Richard Pettigrew and Jonathan Weisberg}
}

@incollection{thisvolume:huber,
	author = {Franz Huber},
	title = {Ranking Theory},
	year = {2019},
	booktitle = {The Open Handbook of Formal Epistemology},
	publisher = {PhilPapers},
	editor = {Richard Pettigrew and Jonathan Weisberg}
}

@incollection{thisvolume:caie,
	author = {Michael Caie},
	title = {Doxastic Logic},
	year = {2019},
	booktitle = {The Open Handbook of Formal Epistemology},
	publisher = {PhilPapers},
	editor = {Richard Pettigrew and Jonathan Weisberg}
}

@incollection{thisvolume:genin,
	author = {Konstantin Genin},
	title = {Full \& Partial Belief},
	year = {2019},
	booktitle = {The Open Handbook of Formal Epistemology},
	publisher = {PhilPapers},
	editor = {Richard Pettigrew and Jonathan Weisberg}
}

@incollection{thisvolume:briggs,
	author = {R. A. Briggs},
	title = {Conditionals},
	year = {2019},
	booktitle = {The Open Handbook of Formal Epistemology},
	publisher = {PhilPapers},
	editor = {Richard Pettigrew and Jonathan Weisberg}
}