@article{agm85,
author = {Carlos E. Alchourr{\'o}n and Peter G{\"a}rdenfors and David Makinson},
journal = {Journal of Symbolic Logic},
pages = {510-530},
title = {On the Logic of Theory Change: Partial Meet Contraction and Revision Functions},
volume = {50},
year = {1985},
}

@phdthesis{b13,
author = {Benjamin Bewersdorf},
school = {Konstanz University},
title = {Belief and Its Revision},
year = {2013},
}

@article{b95,
author = {Craig Boutilier},
journal = {Notre Dame Journal of Formal Logic},
pages = {158-183},
title = {On the Revision of Probabilistic Belief States},
volume = {36},
number = {1},
year = {1995},
}

@article{b96,
author = {Craig Boutilier},
journal = {Journal of Philosophical Logic},
pages = {263-305},
title = {Iterated Revision and Minimal Change of Conditional Beliefs},
volume = {25},
year = {1996},
}

@article{beh,
author = {Peter Br\"ossel and Anna-Maria Eder and Franz Huber},
journal = {Philosophy and Phenomenological Research},
pages = {279-300},
title = {Evidential Support and Instrumental Rationality},
volume = {87},
year = {2013},
}

@article{c97,
author = {John Cantwell},
journal = {Theoria},
pages = {54-89},
title = {On the Logic of Small Changes in Hypertheories},
volume = {63},
year = {1997},
}

@article{dp97,
author = {Adnan Darwiche and Judea Pearl},
journal = {Artificial Intelligence},
pages = {1-29},
title = {On the Logic of Iterated Belief Revision},
volume = {89},
year = {1997},
}

@article{e11,
author = {Kenny Easwaran},
journal = {Philosophy Compass},
pages = {312-320},
title = {Bayesianism {I}: Introduction and Arguments in Favor},
volume = {6},
year = {2011},
}

@article{e11b,
author = {Kenny Easwaran},
journal = {Philosophy Compass},
pages = {321-332},
title = {Bayesianism {II}: Applications and Criticisms},
volume = {6},
year = {2011},
}

@article{eh07,
author = {Lina Eriksson and Alan H\'ajek},
journal = {Studia Logica},
pages = {185-215},
title = {What Are Degrees of Belief?},
volume = {86},
year = {2007},
}

@article{f00,
author = {Eduardo Ferm\'e},
journal = {Logic Journal of the IGPL},
pages = {645-652},
title = {Irrevocable Belief Revision and Epistemic Entrenchment},
volume = {8},
year = {2000},
}

@article{fr04,
author = { Eduardo Ferm\'e and Hans Rott},
journal = {Artificial Intelligence},
pages = {5-47},
title = {Revision by Comparison},
volume = {157},
year = {2004},
}

@article{f78,
author = {Hartry Field},
journal = {Philosophy of Science},
pages = {361-367},
title = {A Note on {J}effrey {C}onditionalization},
volume = {45},
year = {1978},
}

@incollection{f09,
address = {Dordrecht},
author = {Richard Foley},
booktitle = {Degrees of Belief},
editor = {F. Huber and C. Schmidt-Petri},
pages = {37-47},
publisher = {Springer},
title = {Belief, Degrees of Belief, and the {L}ockean Thesis},
year = {2009},
}

@book{g88b,
address = {Cambridge, MA},
author = {Peter G\"ardenfors },
publisher = {MIT Press},
title = {Knowledge in Flux: Modeling the Dynamics of Epistemic States.},
year = {1988},
}

@inproceedings{gm88,
address = {San Francisco},
author = {Peter G\"ardenfors and David Makinson},
booktitle = {Proceedings of the 2nd conference on Theoretical aspects of reasoning about knowledge},
pages = {83-95},
publisher = {Morgan Kaufmann},
title = {Revisions of Knowledge Systems Using Epistemic Entrenchment},
year = {1988},
}

@incollection{gr95,
address = {Oxford},
author = {Peter G\"ardenfors and Hans Rott},
booktitle = {Epistemic and Temporal Reasoning},
editor = {D. M. Gabbay and C. J. Hogger and J. A. Robinson},
pages = {35-132},
publisher = {Handbook of Logic in Artificial Intelligence and Logic Programming: Volume 4. : Clarendon Press},
title = {Belief Revision},
year = {1995},
}

@incollection{gs00,
address = {San Francisco},
author = {Phan H. Giang  and Prakash P. Shenoy},
booktitle = {Uncertainty in Artificial Intelligence 16},
editor = {C. Boutilier and M. Goldszmidt},
pages = {220-229},
publisher = {Morgan Kaufmann},
title = {A Qualitative Linear Utility Theory for {S}pohn's Theory of Epistemic Beliefs},
year = {2000},
}

@article{gj96,
author = {Moises Goldszmidt and Judea J. Pearl},
journal = {Artificial Intelligence},
pages = {57-112},
title = {Qualitative Probabilities for Default Reasoning, Belief Revision, and Causal Modeling},
volume = {84},
year = {1996},
}

@article{g88,
author = {Adam Grove},
journal = {Journal of Philosophical Logic},
pages = {157-170},
title = {Two Modellings for Theory Change},
volume = {17},
year = {1988},
}

@incollection{h09,
address = {Dordrecht},
author = {Haenni, Rolf},
booktitle = {Degrees of Belief Synthese Library 342.},
editor = {F. Huber and C. Schmidt-Petri},
pages = {121-159},
publisher = {Springer},
title = {Non-Additive Degrees of Belief},
year = {2009},
}

@online{hun,
author = {Alan H\'{a}jek},
year = {manuscript},
title = {Staying Regular?},
url = {http://hplms.berkeley.edu/HajekStayingRegular.pdf}
}

@inproceedings{h08,
author = {Joseph Y. Halpern},
booktitle = {Proceedings of the Eleventh International Conference on Principles of Knowledge Representation and Reasoning (KR 2008},
pages = {198-208},
title = {Defaults and Normality in Causal Structures},
year = {2008},
}

@incollection{hh10,
address = {London},
author = {Joseph Y. Halpern and Christopher R. Hitchcock},
booktitle = {Heuristics, Probability, and Causality},
editor = {R. Dechter and H. Geffner and J. Halpern},
pages = {383-406},
publisher = {College Publications},
title = {Actual Causation and the Art of Modelling},
year = {2010},
}

@book{h99,
address = {Dordrecht},
author = {Sven O. Hansson},
publisher = {Kluwer},
title = {A Textbook of Belief Dynamics: Theory Change and Database Updating.},
year = {1999},
}

@article{hfcf01,
author = {Sven O. Hansson and Eduardo Ferm\'e and John Cantwell and Marcelo A. Falappa},
journal = {Journal of Symbolic Logic},
pages = {1581-1596},
title = {Credibility-Limited Revision},
volume = {66},
year = {2001},
}

@article{h76a,
author = {William L. Harper},
journal = {PSA},
number = {2},
pages = {462-494},
title = {Rational Conceptual Change},
volume = {1976},
year = {1976},
}

@incollection{h76b,
address = {Volume I. Dordrecht},
author = {William L. Harper},
booktitle = {Foundations of Probability Theory, Statistical Inference, and Statistical Theories of Science},
editor = {W. L. Harper and C. A. Hooker},
pages = {73-115},
publisher = {D. Reidel},
title = {Rational Belief Change, {P}opper Functions and Counterfactuals},
year = {1976},
}

@incollection{h09a,
address = {Dordrecht},
author = {James Hawthorne},
booktitle = {Degrees of Belief},
editor = {F. Huber and C. Schmidt-Petri},
pages = {49-74},
publisher = {Springer},
title = {The Lockean Thesis and the Logic of Belief},
year = {2009},
}

@article{h79,
author = {Hans G. Herzberger},
journal = {Journal of Philosophy},
pages = {83-88},
title = {Counterfactuals and Consistency},
volume = {76},
year = {1979},
}

@article{h98,
author = {Matthias Hild},
journal = {Philosophical Studies},
pages = {321-361},
title = {Auto-Epistemology and Updating},
volume = {92},
year = {1998},
}

@article{hs08,
author = {Matthias Hild and Wolfgang Spohn},
journal = {Artificial Intelligence},
pages = {1195-1218},
title = {The Measurement of Ranks and the Laws of Iterated Contraction},
volume = {172},
year = {2008},
}

@article{h06,
author = {Franz Huber},
journal = {Artificial Intelligence},
pages = {462-471},
title = {Ranking Functions and Rankings on Languages},
volume = {170},
year = {2006},
}

@article{h07,
author = {Franz Huber},
journal = {Studia Logica},
pages = {299-329},
title = {The Consistency Argument for Ranking Functions},
volume = {86},
year = {2007},
}

@article{h11,
author = {Franz Huber},
journal = {British Journal for the Philosophy of Science},
pages = {207-210},
title = {{L}ewis Causation is a Special Case of {S}pohn Causation},
volume = {62},
year = {2011},
}

@article{h13a,
author = {Franz Huber},
journal = {The Review of Symbolic Logic},
pages = {709-732},
title = {Structural Equations and Beyond},
volume = {6},
year = {2013},
}

@article{h13b,
author = {Franz Huber},
journal = {Philosophy Compass},
pages = {604-612},
title = {Belief Revision {I}: The {AGM} Theory},
volume = {8},
year = {2013},
}

@article{h13c,
author = {Franz Huber},
journal = {Philosophy Compass},
pages = {613-621},
title = {Belief Revision {II}: Ranking Theory},
volume = {8},
year = {2013},
}

@article{h14a,
author = {Franz Huber},
journal = {Symposion},
pages = {111-119},
title = {For True Conditionalizers {W}eisberg's {P}aradox is a False Alarm},
volume = {1},
year = {2014},
}

@article{h14b,
author = {Franz Huber},
journal = {Synthese},
pages = {2167-2193},
title = {New Foundations of Counterfactuals},
volume = {191},
year = {2014},
}

@article{h15a,
author = {Franz Huber},
journal = {Analytica},
pages = {20-36},
title = {How to Learn Concepts, Consequences, and Conditionals},
volume = {1},
year = {2015},
}

@article{h15b,
author = {Franz Huber},
journal = {Journal of Philosophical Logic},
pages = {81-110},
title = {What Should {I} Believe About What Would Have Been the Case?},
volume = {44},
year = {2015},
}

@article{h17,
author = {Franz Huber},
title = {Why Follow the Royal Rule?},
journal = {Synthese},
year = {2017},
volume = {194},
number = {5},
pages = {1565â€“1590}
}

@book{h19,
author = {Franz Huber},
title = {Belief and Counterfactuals. A Study in Means-End Philosophy},
publisher = {Under contract with Oxford University Press},
year = {manuscript},
}

@book{j83,
address = {Chicago},
author = {Richard C. Jeffrey },
edition = {2nd},
publisher = {University of Chicago Press},
title = {The Logic of Decision.},
year = {1983},
}

@article{jt07,
author = {Yi Jin and Michael Thielscher},
journal = {Artificial Intelligence},
pages = {1-18},
title = {Iterated Belief Revision, Revised},
volume = {171},
year = {2007},
}

@article{j98,
author = {James M. Joyce},
journal = {Philosophy of Science},
pages = {575-603},
title = {A Non-Pragmatic Vindication of Probabilism},
volume = {65},
year = {1998},
}

@incollection{j09,
address = {Synthese Library 342. Dordrecht},
author = {James M. Joyce},
booktitle = {Degrees of Belief},
editor = {F. Huber and C. Schmidt-Petri},
pages = {263-297},
publisher = {Springer},
title = {Accuracy and Coherence: Prospects for an Alethic Epistemology of Partial Belief},
year = {2009},
}

@book{klst71,
address = {New York},
author = {David H. Krantz and Duncan R. Luce and Patrick Suppes and Amos Tversky},
publisher = {Academic Press},
title = {Foundations of Measurement},
volume = {1},
year = {1971},
}

@article{lr99,
author = {Sten Lindstr\"om  and Wlodek Rabinowicz},
journal = {Erkenntnis},
pages = {353-385},
title = {{DDL} Unlimited: Dynamic Doxastic Logic for Introspective Agents},
volume = {50},
year = {1999},
}

@article{l77,
author = {Isaac Levi},
journal = {Synthese},
pages = {423-455},
title = {Subjunctives, Dispositions and Chances},
volume = {34},
year = {1977},
}

@book{l73,
address = {Cambridge, MA},
author = {David K. Lewis},
publisher = {Harvard University Press},
title = {Counterfactuals},
year = {1973},
}

@article{l79,
author = {David K. Lewis},
journal = {No\^us},
pages = {455-476},
title = {Counterfactual Dependence and Time's Arrow},
volume = {13},
year = {1979},
}

@incollection{l80,
address = {Vol. II. Berkeley},
author = {David K. Lewis},
booktitle = {Studies in Inductive Logic and Probability},
editor = {R. C. Jeffrey},
pages = {263-293},
publisher = {University of Berkeley Press},
title = {A Subjectivist's Guide to Objective Chance},
year = {1980},
}

@inproceedings{p02,
author = {Philip Percival},
booktitle = {Proceedings of the Aristotelian Society},
note = {Supplementary Volume 76},
pages = {121-151},
title = {Epistemic Consequentialism},
year = {2002},
}

@incollection{p11,
author = {Richard Pettigrew},
booktitle = {The {Stanford} Encyclopedia of Philosophy},
editor = {E. N. Zalta},
title = {Epistemic Utility Arguments for Probabilism},
year = {2011},
}

@article{p13,
author = {Richard Pettigrew},
journal = {Philosophy Compass},
pages = {897-908},
title = {Epistemic Utility and Norms for Credence},
volume = {8},
year = {2013},
}

@article{p55,
author = {Karl R. Popper},
journal = {British Journal for the Philosophy of Science},
pages = {51-57},
title = {Two Autonomous Axiom Systems for the Calculus of Probabilities},
volume = {6},
year = {1955},
}

@article{n94,
author = {Abhaya C. Nayak},
journal = {Erkenntnis},
pages = {353-390},
title = {Iterated Belief Change Based on Epistemic Entrenchment},
volume = {41},
year = {1994},
}

@article{rms,
author = {Eric Raidl},
title = {Ranked Semantics for Conditionals},
url = {https://www.researchgate.net/publication/316157829_RankedSemantics}
}

@incollection{r18,
author = {Eric Raidl},
title = {Ranking Semantics for Doxastic Necessities and Conditionals},
editor = {Pavel Arazim and Tom\'{a}\v{s} L\'{a}vi\v{c}ka},
booktitle = {Logica Yearbook 2017},
year = {2018},
publisher = {College Publications}
}

@article{r19,
author = {Eric Raidl},
title = {Completeness for Counter-Doxa Conditionals---Using Ranking Semantics},
DOI = {10.1017/S1755020318000199},
journal = {The Review of Symbolic Logic},
year = {forthcoming}
}

@article{r55,
author = {Alfred R\'enyi},
journal = {Acta Mathematica Academiae Scientiarum Hungaricae},
pages = {285-335},
title = {On a New Axiomatic System for Probability},
volume = {6},
year = {1955},
}

@book{r01,
address = {Oxford},
author = {Hans Rott},
publisher = {Oxford University Press},
title = {Change, Choice, and Inference: A Study of Belief Revision and Nonmonotonic Reasoning},
year = {2001},
}

@article{r03,
author = {Hans Rott},
journal = {Journal of Logic and Computation},
pages = {111-145},
title = {Coherence and Conservatism in the Dynamics of Belief. {P}art {II}: Iterated Belief Change Without Dispositional Coherence},
volume = {13},
year = {2003},
}

@article{r06,
author = {Hans Rott},
journal = {Theoretical Computer Science},
pages = {228-242},
title = {Revision by Comparison as a Unifying Framework: Severe Withdrawal, Irrevocable Revision and Irrefutable Revision},
volume = {355},
year = {2006},
}

@inproceedings{r07,
author = {Hans Rott},
booktitle = {Formal Models of Belief Change in Rational Agents},
editor = {G. Bonanno and J. Delgrande and J. Lang and H. Rott},
publisher = {Dagstuhl Seminar Proceedings 07351},
title = {Two-dimensional Belief Change: An Advertisement},
year = {2007},
}

@incollection{r09,
address = {Trends in Logic 28. Dordrecht},
author = {Hans Rott},
booktitle = {Towards Mathematical Philosophy},
editor = {D. Makinson and J. Malinowski and H. Wansing},
pages = {269-296},
publisher = {Springer},
title = {Shifting Priorities: Simple Representations for Twenty-Seven Iterated Theory Change Operators},
year = {2009},
}

@article{s95,
author = {Krister Segerberg},
journal = {Bulletin of the IGPL},
pages = {535-553},
title = {Belief Revision from the Point of View of Doxastic Logic},
volume = {3},
year = {1995},
}

@article{s98,
author = {Krister Segerberg},
journal = {Notre Dame Journal of Formal Logic},
pages = {287-306},
title = {Irrevocable Belief Revision in Dynamic Doxastic Logic},
volume = {39},
year = {1998},
}

@article{s91,
author = {Prakash P. Shenoy},
journal = {International Journal of Approximate Reasoning},
pages = {149-181},
title = {On {S}pohn's Rule for Revision of Beliefs},
volume = {5},
year = {1991},
}

@unpublished{s83,
author = {Wolfgang Spohn},
note = {Unpublished Habilitation thesis. Munich: LMU Munich, 1983},
title = {Eine Theorie der Kausalit\"{a}t},
year = {1983},
}

@article{s86,
author = {Wolfgang Spohn},
journal = {Topoi},
pages = {69-74},
title = {On the Representation of {P}opper {M}easures},
volume = {5},
year = {1986},
}

@incollection{s88,
address = {Dordrecht},
author = {Wolfgang Spohn},
booktitle = {Causation in Decision, Belief Change, and Statistics {II}},
editor = {W. L. Harper and B. Skyrms},
pages = {105-134},
publisher = {Kluwer},
title = {Ordinal Conditional Functions: A Dynamic Theory of Epistemic States},
year = {1988},
}

@incollection{s90,
author = {Wolfgang Spohn},
editor = {R. D. Shachter and T. S. Levitt and J. Lemmer and L. N. Kanal},
title = {A General Non-Probabilistic Theory of Inductive Reasoning},
booktitle = {Uncertainty in Artificial Intelligence},
address = {Amsterdam, North-Holland},
pages = {149-158},
year = {1990},
}

@incollection{s93,
address = {Dordrecht},
author = {Wolfgang Spohn},
booktitle = {Philosophy of Probability},
editor = {J. Dubucs},
pages = {223-252},
publisher = {Kluwer},
title = {Causal Laws are Objectifications of Inductive Schemes},
year = {1993},
}

@incollection{s99,
address = {Lund},
author = {Wolfgang Spohn},
booktitle = {Internet Festschrift for Peter G\"ardenfors.},
editor = {B. Hansson, S. HalldÃ©n and N.-e. Sahlin and W. Rabinowicz},
title = {Ranking Functions, {AGM} Style},
year = {1999},
url = {"www.lucs.lu.se/spinning/categories/dynamics/Spohn/Spohn.pdf"},
}

@article{s02,
author = {Wolfgang Spohn},
journal = {Erkenntnis},
pages = {373-394},
title = {Laws, Ceteris Paribus Conditions, and the Dynamics of Belief},
volume = {57},
year = {2002},
}

@article{s05,
author = {Wolfgang Spohn},
journal = {Philosophy of Science},
pages = {164-187},
title = {Enumerative Induction and Lawlikeness},
volume = {72},
year = {2005},
}

@incollection{s06a,
address = {New York},
author = {Wolfgang Spohn},
booktitle = {Knowledge and Inquiry: Essays on the Pragmatism of {I}saac {L}evi},
editor = {E. J. Olsson},
publisher = {Cambridge University Press},
title = {Isaac {L}evi's Potentially Surprising Epistemological Picture},
year = {2006},
}

@article{s06b,
author = {Wolfgang Spohn},
journal = {British Journal for the Philosophy of Science},
pages = {93-119},
title = {Causation: An Alternative},
volume = {57},
year = {2006},
}

@incollection{s10,
address = {Boston Studies in the Philosophy of Science 284. Dordrecht},
author = {Wolfgang Spohn},
booktitle = {The Place of Probability in Science},
editor = {E. Eells and J. Fetzer},
pages = {101-131},
publisher = {Springer},
title = {Chance and Necessity: From {H}umean Supervenience to {H}umean Projection},
year = {2010},
}

@incollection{s10b,
address = {London},
author = {Wolfgang Spohn},
booktitle = {Heuristics, Probability, and Causality},
editor = {R. Dechter and H. Geffner and J. Halpern},
pages = {507-522},
publisher = {College Publications},
title = {The Structural Model and the Ranking Theoretic Approach to Causation: a Comparison},
year = {2010},
}

@book{s12,
address = {Oxford},
author = {Wolfgang Spohn},
publisher = {Oxford University Press},
title = {The Laws of Belief. Ranking Theory and its Philosophical Applications.},
year = {2012},
}

@article{s13,
author = {Wolfgang Spohn},
journal = {Cognitive Science},
pages = {1074-1106},
title = {A Ranking-Theoretic Approach to Conditionals},
volume = {37},
year = {2013},
}

@article{s14,
author = {Wolfgang Spohn},
journal = {European Journal for the Philosophy of Science},
pages = {385-408},
title = {The Epistemic Account of Ceteris Paribus Conditions},
volume = {4},
year = {2014},
}

@article{s15,
author = {Wolfgang Spohn},
journal = {Philosophers' Imprint},
number = {1},
pages = {1-30},
title = {Conditionals: A Unifying Ranking-Theoretic Perspective},
volume = {15},
year = {2015},
}

@article{s70,
author = {Robert C. Stalnaker},
journal = {Philosophy of Science},
pages = {64-80},
title = {Probability and Conditionality},
volume = {37},
year = {1970},
}

@inproceedings{s02a,
author = {Robert C. Stalnaker},
booktitle = {Proceedings of the Aristotelian Society Supplementary Volume, 76},
pages = {153-168},
title = {Epistemic Consequentialism},
year = {2002},
}

@article{s09,
author = {Robert C. Stalnaker},
journal = {Erkenntnis},
pages = {189-209},
title = {Iterated Belief Revision},
volume = {70},
year = {2009},
}

@incollection{v00,
address = {Poznan Studies in the Philosophy of the Science and Humanities 71. Amsterdam},
author = {Susan Vineberg},
booktitle = {Logic, Probability and Science},
editor = {N. Shanks and R. B. Gardner},
pages = {77-94},
publisher = {Rodopi},
title = {The Logical Status of Conditionalization and its Role in Confirmation},
year = {2000},
}

@article{w09,
author = {Jonathan Weisberg},
journal = {British Journal for the Philosophy of Science},
pages = {793-812},
title = {Commutativity or Holism? {A} Dilemma for Conditionalizers.},
volume = {60},
year = {2009},
}

@incollection{w11,
address = {Oxford},
author = {Jonathan Weisberg},
booktitle = {Handbook of the History of Logic, Volume 10, Inductive Logic},
editor = {D. M. Gabbay and S. Hartmann and J. Woods},
pages = {477-551},
publisher = {Elsevier},
title = {Varieties of {B}ayesianism},
year = {2011},
}

@article{w15,
author = {Jonathan Weisberg},
journal = {British Journal for the Philosophy of Science},
pages = {121-159},
title = {Updating, Undermining, and Independence},
volume = {66},
year = {2015},
}
