%% This BibTeX bibliography file was created using BibDesk.
%% http://bibdesk.sourceforge.net/

%% Created for Jason Konek at 2019-04-10 16:09:30 +0100 


%% Saved with string encoding Unicode (UTF-8) 



@book{Deza2009,
	Author = {Deza, M and Deza, E},
	Date-Added = {2019-04-10 16:07:29 +0100},
	Date-Modified = {2019-04-10 16:07:29 +0100},
	Publisher = {Springer},
	Series = {Heidelberg},
	Title = {Encyclopedia of Distances},
	Year = {2009}}

@article{Elliott2018,
	Author = {Edward {Elliott}},
	Date-Added = {2018-08-29 14:16:08 +0100},
	Date-Modified = {2018-08-29 14:16:41 +0100},
	Journal = {Ms.},
	Title = {Comparativism and the Measurement of Partial Belief},
	Year = {2018}}

@book{Staffel2018,
	Address = {Oxford},
	Author = {Julia {Staffel}},
	Date-Added = {2018-08-17 17:18:29 +0100},
	Date-Modified = {2018-08-17 17:19:44 +0100},
	Publisher = {Oxford University Press},
	Title = {Unsettled Thoughts: A Theory of Degrees of Rationality},
	Year = {2018}}

@book{Pettigrew2016,
	Address = {Oxford},
	Author = {Richard {Pettigrew}},
	Date-Added = {2018-08-17 17:13:52 +0100},
	Date-Modified = {2018-08-17 17:13:52 +0100},
	Publisher = {Oxford University Press},
	Title = {Accuracy and the Laws of Credence},
	Year = {2016}}

@article{Lewis1974,
	Author = {David {Lewis}},
	Date-Added = {2018-08-14 15:28:28 +0100},
	Date-Modified = {2018-08-14 15:29:16 +0100},
	Journal = {Synthese},
	Pages = {331--344},
	Title = {Radical Interpretation},
	Volume = {27},
	Year = {1974}}

@article{Icard2016,
	Author = {Thomas {Icard}},
	Date-Added = {2017-08-31 12:57:58 +0000},
	Date-Modified = {2017-08-31 12:59:39 +0000},
	Journal = {Philosophy of Science},
	Pages = {348--370},
	Title = {Pragmatic Considerations on Comparative Probability},
	Volume = {83},
	Year = {2016}}

@incollection{Clark2015,
	Author = {Andy {Clark}},
	Booktitle = {Open MIND},
	Date-Added = {2017-08-25 12:07:58 +0000},
	Date-Modified = {2017-08-25 12:12:47 +0000},
	Editor = {T. {Metzinger} and J. M. {Windt}},
	Number = {T},
	Publisher = {Frankfurt am Main: MIND Group},
	Title = {Embodied Prediction},
	Volume = {7},
	Year = {2015}}

@unpublished{Staffel2017,
	Author = {Julia {Staffel} and Glauber {De Bona}},
	Date-Added = {2017-07-09 17:55:11 +0000},
	Date-Modified = {2017-07-09 17:55:11 +0000},
	Title = {Why be (approximately) coherent?},
	Year = {2017}}

@article{Lichtenstein1973,
	Author = {Sarah {Lichtenstein} and Paul {Slovic}},
	Date-Added = {2017-07-08 19:52:25 +0000},
	Date-Modified = {2017-07-08 19:53:21 +0000},
	Journal = {Journal of Experimental Psychology},
	Number = {1},
	Pages = {16--20},
	Title = {Response-Induced Reversals of Preference in Gambling Decisions: An Extended Replication in Las Vegas},
	Volume = {101},
	Year = {1973}}

@article{Lichtenstein1971,
	Author = {Sarah {Lichtenstein} and Paul {Slovic}},
	Date-Added = {2017-07-08 19:51:33 +0000},
	Date-Modified = {2017-07-08 19:52:23 +0000},
	Journal = {Experimental Psychology},
	Pages = {46--55},
	Title = {Reversals of Preferences Between Bids and Choices in Gambling Decisions},
	Volume = {89},
	Year = {1971}}

@article{Kahneman1979,
	Author = {Daniel {Kahneman} and Amos {Tversky}},
	Date-Added = {2017-07-08 19:48:57 +0000},
	Date-Modified = {2017-07-08 19:50:03 +0000},
	Journal = {Econometrica},
	Number = {2},
	Pages = {263--91},
	Title = {Prospect Theory: An Analysis of Decision Under Risk},
	Volume = {47},
	Year = {1979}}

@incollection{Ramsey1931,
	Address = {New York},
	Author = {F. P. {Ramsey}},
	Booktitle = {The Foundations of Mathematics and Other Logical Essays},
	Date-Added = {2017-06-14 21:50:10 +0000},
	Date-Modified = {2017-06-14 21:52:04 +0000},
	Publisher = {Humanities Press},
	Title = {Truth and Probability},
	Year = {1931}}

@article{Suppes1982,
	Author = {Patrick {Suppes} and Mario {Zanotti}},
	Date-Added = {2017-06-07 22:25:04 +0000},
	Date-Modified = {2017-06-07 22:31:14 +0000},
	Journal = {Z. Wahrsch. Verw. Gebiete},
	Pages = {163--169},
	Title = {Necessary and sufficient qualitative axioms for conditional probability},
	Volume = {60},
	Year = {1982}}

@techreport{Domotor1969,
	Author = {Zolton {Domotor}},
	Date-Added = {2017-06-07 22:24:54 +0000},
	Date-Modified = {2017-06-07 22:24:54 +0000},
	Institution = {Institute for Mathematical Studies in the Social Sciences, Stanford University},
	Number = {144},
	Title = {Probabilistic relational structures and their applications},
	Year = {1969}}

@book{Jeffreys1961,
	Address = {Oxford},
	Author = {Harold {Jeffreys}},
	Date-Added = {2017-06-07 21:50:31 +0000},
	Date-Modified = {2017-06-07 21:51:34 +0000},
	Edition = {3rd},
	Publisher = {Clarendon Press},
	Title = {Theory of Probability},
	Year = {1961}}

@book{Troffaes2014,
	Date-Added = {2017-06-07 21:14:28 +0000},
	Date-Modified = {2017-06-07 21:15:02 +0000},
	Editor = {Matthias C. M. {Troffaes} and Gert {de Cooman}},
	Publisher = {Wiley},
	Title = {Lower Previsions},
	Year = {2014}}

@book{Augustin2014,
	Date-Added = {2017-06-07 21:12:35 +0000},
	Date-Modified = {2017-06-07 21:13:54 +0000},
	Editor = {Thomas {Augustin} and Frank P. A. {Coolen} and Gert {de Cooman} and Matthias C. M. {Troffaes}},
	Publisher = {Wiley},
	Title = {Introduction to Imprecise Probabilities},
	Year = {2014}}

@article{Pederson2014,
	Author = {Arthur Paul {Pederson}},
	Date-Added = {2017-06-07 19:45:12 +0000},
	Date-Modified = {2017-06-07 19:46:19 +0000},
	Journal = {Studia Logica},
	Pages = {811--848},
	Title = {Comparative Expectations},
	Volume = {102},
	Year = {2014}}

@article{Harrison-Trainor2016,
	Author = {M. {Harrison-Trainor} and W. H. {Holliday} and T. F. {Icard}},
	Date-Added = {2017-06-07 14:25:22 +0000},
	Date-Modified = {2017-06-07 14:27:49 +0000},
	Journal = {Theory and Decision},
	Number = {1},
	Pages = {159--166},
	Title = {A note on cancellation axioms for comparative probability},
	Volume = {80},
	Year = {2016}}

@article{Rios1992,
	Author = {D. {Rios Insua}},
	Date-Added = {2017-06-07 13:59:08 +0000},
	Date-Modified = {2017-06-07 13:59:59 +0000},
	Journal = {Theory and Decision},
	Number = {1},
	Pages = {83--100},
	Title = {On the Foundations of Decision Making Under Partial Information},
	Volume = {33},
	Year = {1992}}

@article{Alon2014,
	Author = {S. {Alon} and E. {Lehrer}},
	Date-Added = {2017-06-07 13:57:35 +0000},
	Date-Modified = {2017-06-07 13:58:59 +0000},
	Journal = {Journal of Economic Theory},
	Pages = {476--92},
	Title = {Subjective multi-prior probability: A representation of a partial likelihood relation},
	Volume = {151},
	Year = {2014}}

@article{Fishburn1969,
	Author = {P. C. {Fishburn}},
	Date-Added = {2017-06-06 21:08:40 +0000},
	Date-Modified = {2017-06-06 21:09:38 +0000},
	Journal = {Annals of Mathematical Statistics},
	Pages = {2118--2126},
	Title = {Weak qualitative probability on finite sets},
	Volume = {40},
	Year = {1969}}

@article{Adams1965,
	Author = {E. W. {Adams}},
	Date-Added = {2017-06-06 21:03:48 +0000},
	Date-Modified = {2017-06-06 21:04:39 +0000},
	Journal = {Philosophy of Science},
	Number = {205--228},
	Title = {Elements of a theory of inexact measurement},
	Volume = {32},
	Year = {1965}}

@book{Kuhn1956,
	Date-Added = {2017-06-01 19:44:15 +0000},
	Date-Modified = {2017-06-01 19:46:04 +0000},
	Editor = {Harold {Kuhn} and Albert {Tucker}},
	Publisher = {Princeton University Press},
	Title = {Linear Inequalities and Related Systems},
	Year = {1956}}

@inbook{Quaeghebeur2014,
	Author = {Erik {Quaeghebeur}},
	Chapter = {1},
	Date-Added = {2017-06-01 14:47:04 +0000},
	Date-Modified = {2017-06-01 14:48:37 +0000},
	Editor = {Thomas {Augustin} and Frank {Coolen} and Gert {de Cooman} and Matthias {Troffaes}},
	Pages = {1--27},
	Publisher = {Wiley},
	Title = {Introduction to Imprecise Probabilities},
	Year = {2014}}

@article{Abellan2003,
	Author = {J. {Abellan} and S. {Moral}},
	Date-Added = {2017-05-30 14:28:23 +0000},
	Date-Modified = {2017-05-30 14:29:02 +0000},
	Journal = {International Journal of Uncertainty, Fuzziness and Knowledge-Based Systems},
	Pages = {587--597},
	Title = {Maximum entropy for credal sets},
	Volume = {11},
	Year = {2003}}

@article{Abellan2000,
	Author = {J. {Abellan} and S. {Moral}},
	Date-Added = {2017-05-30 14:23:15 +0000},
	Date-Modified = {2017-05-30 14:28:18 +0000},
	Journal = {International Journal of Uncertainty, Fuzziness and Knowledge-Based Systems},
	Pages = {357--367},
	Title = {A non-specificity measure for convex sets of probability distributions},
	Volume = {8},
	Year = {2000}}

@article{Zynda2000,
	Author = {Lyle {Zynda}},
	Date-Added = {2016-02-03 20:20:18 +0000},
	Date-Modified = {2016-02-03 20:21:00 +0000},
	Journal = {Philosophy of Science},
	Pages = {45--69},
	Title = {Representation Theorems and Realism About Degrees of Belief},
	Volume = {67},
	Year = {2000}}

@article{Meacham2011,
	Author = {Christopher {Meacham} and Jonathan {Weisberg}},
	Date-Added = {2016-01-31 16:00:07 +0000},
	Date-Modified = {2016-01-31 16:01:02 +0000},
	Journal = {Australasian Journal of Philosophy},
	Number = {4},
	Pages = {641--663},
	Title = {Representation Theorems and the Foundations of Decision Theory},
	Volume = {89},
	Year = {2011}}

@incollection{Hajek2009b,
	Author = {Alan {H\'ajek}},
	Booktitle = {Degrees of Belief},
	Date-Added = {2016-01-31 15:36:59 +0000},
	Date-Modified = {2016-02-01 14:54:05 +0000},
	Editor = {Huber, Franz and Schmidt-Petri, Christoph},
	Publisher = {Springer},
	Title = {Argument For-Or Against-Probabilism?},
	Volume = {342},
	Year = {2009}}

@article{Suppe1976,
	Author = {Patrick {Suppes} and Mario {Zanotti}},
	Date-Added = {2016-01-29 22:18:34 +0000},
	Date-Modified = {2016-01-29 22:19:22 +0000},
	Journal = {Journal of Philosophical Logic},
	Number = {3},
	Pages = {431--438},
	Title = {Necessary and Sufficient Conditions for Existence of a Unique Measure Strictly Agreeing with a Qualitative Probability Ordering},
	Volume = {5},
	Year = {1976}}

@article{Konek2016a,
	Author = {Jason {Konek}},
	Date-Added = {2016-01-04 22:15:45 +0000},
	Date-Modified = {2016-01-04 22:16:17 +0000},
	Journal = {Philosophy and Phenomenological Research},
	Title = {Epistemic Conservativity and Imprecise Credence},
	Year = {2016}}

@article{Walley2000,
	Author = {Peter {Walley}},
	Date-Added = {2015-12-01 16:24:58 +0000},
	Date-Modified = {2015-12-01 16:25:40 +0000},
	Journal = {International Journal of Approximate Reasoning},
	Number = {2--3},
	Pages = {125--148},
	Title = {Towards a unified theory of imprecise probability},
	Volume = {24},
	Year = {2000}}

@book{Krantz1971,
	Address = {New York and London},
	Author = {David {Krantz} and R. D. {Luce} and Patrick {Suppes} and Amos {Tversky}},
	Date-Added = {2015-10-08 16:13:07 +0000},
	Date-Modified = {2015-10-08 16:16:08 +0000},
	Publisher = {Academic Press},
	Title = {Foundations of Measurement Vol. I: Additive and Polynomial Representations},
	Year = {1971}}

@incollection{deFinetti1951,
	Address = {Rome},
	Author = {Bruno {de Finetti}},
	Booktitle = {Atti della XLII Riunione},
	Date-Added = {2015-10-08 16:07:46 +0000},
	Date-Modified = {2015-10-08 16:10:33 +0000},
	Pages = {227--236},
	Publisher = {Societa Italiana per il Progresso delle Scienze},
	Title = {La "logica del plausibile" secondo la concezione di Polya},
	Year = {1951}}

@article{Koopman1940b,
	Author = {B. O. {Koopman}},
	Date-Added = {2015-10-03 14:19:13 +0000},
	Date-Modified = {2015-10-03 14:20:28 +0000},
	Journal = {Annals of Mathematics},
	Number = {2},
	Pages = {269--292},
	Title = {The Axioms of Algebra of Intuitive Probability},
	Volume = {41},
	Year = {1940}}

@incollection{deFinetti1964,
	Author = {Bruno {de Finetti}},
	Booktitle = {Studies in Subjective Probability},
	Date-Added = {2015-09-29 18:47:43 +0000},
	Date-Modified = {2015-09-29 18:58:46 +0000},
	Editor = {H. E. {Kyburg Jr.} and H. E. {Smokler}},
	Pages = {93--158},
	Publisher = {Wiley},
	Title = {Foresight: Its Logical Laws, It Subjective Sources (1937)},
	Volume = {7},
	Year = {1964}}

@incollection{Luce1965,
	Address = {New York},
	Author = {R.D. {Luce} and P. {Suppes}},
	Booktitle = {Handbook of Mathematical Psychology},
	Date-Added = {2015-09-29 16:01:11 +0000},
	Date-Modified = {2015-09-29 16:02:31 +0000},
	Editor = {R.D. {Luce} and R.R. {Bush} and E. {Galanter}},
	Pages = {249--410},
	Publisher = {Wiley},
	Title = {Preference, utility and subjective probability},
	Volume = {3},
	Year = {1965}}

@incollection{Paris2011,
	Address = {London},
	Author = {Jeff {Paris}},
	Booktitle = {The Continuum Companion to Philosophical Logic},
	Date-Added = {2015-09-26 14:00:50 +0000},
	Date-Modified = {2015-09-26 14:02:24 +0000},
	Editor = {Leon {Horsten} and Richard {Pettigrew}},
	Pages = {428--449},
	Publisher = {Continuum International Publishing Group},
	Title = {Pure Inductive Logic},
	Year = {2011}}

@article{Hajek2009a,
	Author = {Alan {H\'ajek}},
	Date-Added = {2015-09-24 20:40:55 +0000},
	Date-Modified = {2016-02-01 14:53:59 +0000},
	Journal = {Erkenntnis},
	Number = {2},
	Pages = {211--235},
	Title = {Fiften Arguments Against Hypothetical Frequentism},
	Volume = {70},
	Year = {2009}}

@article{Holliday2014,
	Author = {Matthew {Harrison-Trainor} and Wesley {Holliday} and Thomas {Icard}},
	Date-Added = {2015-09-24 13:07:57 +0000},
	Date-Modified = {2015-09-24 13:09:11 +0000},
	Journal = {Theory and Decision},
	Title = {A note on cancellation axioms for comparative probability},
	Year = {2014}}

@article{Suppes1976,
	Author = {Patrick {Suppes} and Mario {Zanotti}},
	Date-Added = {2015-09-24 13:02:45 +0000},
	Date-Modified = {2015-09-24 13:03:59 +0000},
	Journal = {Journal of Philosophical Logic},
	Number = {3},
	Pages = {431--438},
	Title = {Necessary and sufficient conditions for existence of a unique measure strictly agreeing with a qualitative probability ordering},
	Volume = {5},
	Year = {1976}}

@incollection{Joyce2009b,
	Author = {James M. Joyce},
	Booktitle = {Handbook of the History of Logic},
	Date-Added = {2015-09-22 19:52:17 +0000},
	Date-Modified = {2015-09-22 19:54:17 +0000},
	Editor = {Dov {Gabbay} and Stephan {Hartmann} and John {Woods}},
	Publisher = {Elsevier},
	Title = {The Development of Subjective Bayesianism},
	Volume = {10},
	Year = {2009}}

@book{Titelbaum2015,
	Address = {Oxford},
	Author = {Michael {Titelbaum}},
	Date-Added = {2015-09-22 19:49:07 +0000},
	Date-Modified = {2015-09-22 19:51:24 +0000},
	Publisher = {Oxford University Press},
	Title = {Fundamentals of Bayesian Epistemology},
	Year = {2015}}

@incollection{Suppes1994,
	Address = {Chichester, UK},
	Author = {Patrick {Suppes}},
	Booktitle = {Subjective Probability},
	Date-Added = {2015-09-22 16:55:27 +0000},
	Date-Modified = {2015-09-22 16:56:37 +0000},
	Editor = {G. {Wright} and P. {Ayton}},
	Pages = {17--37},
	Publisher = {John Wiley and Sons},
	Title = {Qualitative Theory of Subjective Probability},
	Year = {1994}}

@book{Fine1973,
	Address = {New York},
	Author = {Terrance {Fine}},
	Date-Added = {2015-09-22 16:51:56 +0000},
	Date-Modified = {2015-09-22 16:52:33 +0000},
	Publisher = {Academic},
	Title = {Theories of Probability},
	Year = {1973}}

@article{Fishburn1986,
	Author = {P. C. {Fishburn}},
	Date-Added = {2015-09-22 15:23:02 +0000},
	Date-Modified = {2015-09-22 15:23:48 +0000},
	Journal = {Statistical Science},
	Number = {3},
	Pages = {335--345},
	Title = {The Axioms of Subjective Probability},
	Volume = {1},
	Year = {1986}}

@book{Good1950,
	Address = {London},
	Author = {I. J. {Good}},
	Date-Added = {2015-09-17 16:22:25 +0000},
	Date-Modified = {2015-09-17 16:23:07 +0000},
	Publisher = {Griffin},
	Title = {Probability and the weighing of evidence},
	Year = {1950}}

@book{Fishburn1970,
	Author = {P. C. {Fishburn}},
	Date-Added = {2015-09-17 15:17:14 +0000},
	Date-Modified = {2015-09-17 15:18:29 +0000},
	Publisher = {John Wiley and Sons},
	Title = {Utility Theory for Decision Making},
	Year = {1970}}

@article{Koopman1940a,
	Author = {B. O. {Koopman}},
	Date-Added = {2015-09-17 15:03:28 +0000},
	Date-Modified = {2015-10-03 15:38:55 +0000},
	Journal = {Bulletin of the American Mathematical Society},
	Pages = {763--774},
	Title = {The bases of probability},
	Volume = {46},
	Year = {1940}}

@article{deFinetti1931,
	Author = {Bruno {de Finetti}},
	Date-Added = {2015-09-17 15:00:22 +0000},
	Date-Modified = {2015-09-17 15:02:32 +0000},
	Journal = {Fund. Mathm},
	Pages = {298--329},
	Title = {Sul significato soggesttivo della probabilita},
	Volume = {17},
	Year = {1931}}

@book{Anscombe1957,
	Address = {Oxford},
	Author = {G.E.M. Anscombe},
	Date-Added = {2015-09-17 14:52:25 +0000},
	Date-Modified = {2015-09-17 14:52:25 +0000},
	Publisher = {Basil Blackwell},
	Title = {Intention},
	Year = {1957}}

@book{Bennett1988,
	Address = {Indianapolis},
	Author = {Jonathan {Bennett}},
	Date-Added = {2015-09-17 14:52:25 +0000},
	Date-Modified = {2015-09-17 14:52:25 +0000},
	Publisher = {Hackett Publishers},
	Title = {Events and their Names},
	Year = {1988}}

@article{Berge2006,
	Author = {James {Berger}},
	Date-Added = {2015-09-17 14:52:25 +0000},
	Date-Modified = {2015-09-17 14:52:25 +0000},
	Journal = {Bayesian Analysis},
	Number = {3},
	Pages = {385--402},
	Title = {The Case for Objective Bayesian Analysis},
	Volume = {1},
	Year = {2006}}

@book{Berger1985,
	Address = {New York},
	Author = {James {Berger}},
	Date-Added = {2015-09-17 14:52:25 +0000},
	Date-Modified = {2015-09-17 14:52:25 +0000},
	Publisher = {Springer-Verlag},
	Title = {Statistical Decision Theory and Bayesian Analysis},
	Year = {1985}}

@article{Berker2013,
	Author = {Berker, S},
	Date-Added = {2015-09-17 14:52:25 +0000},
	Date-Modified = {2015-09-17 14:52:25 +0000},
	Journal = {Philosophical Review},
	Number = {122},
	Pages = {337--393},
	Title = {Epistemic Teleology and the Separateness of Propositions},
	Year = {2013}}

@article{Birnbaum1962,
	Author = {Birnbaum, Allan},
	Date-Added = {2015-09-17 14:52:25 +0000},
	Date-Modified = {2015-09-17 14:52:25 +0000},
	Journal = {Journal of the American Statistical Association},
	Number = {298},
	Pages = {269--306},
	Title = {{On the foundations of statistical inference}},
	Volume = {57},
	Year = {1962}}

@article{Brier1950,
	Author = {G W {Brier}},
	Date-Added = {2015-09-17 14:52:25 +0000},
	Date-Modified = {2015-09-17 14:52:25 +0000},
	Journal = {Monthly Weather Review},
	Number = {1},
	Pages = {1--3},
	Title = {Verification of forecasts expressed in terms of probability},
	Volume = {78},
	Year = {1950}}

@article{Briggs2013,
	Author = {Rachael {Briggs} and Fabrizio {Cariani} and Kenny {Easwaran} and Branden {Fitelson}},
	Date-Added = {2015-09-17 14:52:25 +0000},
	Date-Modified = {2015-09-17 14:52:25 +0000},
	Journal = {Ms.},
	Title = {Individual Coherence and Group Coherence},
	Year = {2013}}

@article{Brown1976,
	Author = {Brown, Peter M},
	Date-Added = {2015-09-17 14:52:25 +0000},
	Date-Modified = {2015-09-17 14:52:25 +0000},
	Journal = {Philosophy of Science},
	Number = {3},
	Pages = {415--419},
	Title = {{Conditionalization and expected utility}},
	Volume = {43},
	Year = {1976}}

@article{Burton1996,
	Author = {Peter {Walley} and Lyle {Gurrin} and Paul {Burton}},
	Date-Added = {2015-09-17 14:52:25 +0000},
	Date-Modified = {2015-09-17 14:52:25 +0000},
	Journal = {Journal of the Royal Statistical Society. Series D (The Statistician)},
	Number = {4},
	Pages = {457--485},
	Title = {Analysis of Clinical Data Using Imprecise Prior Probabilities},
	Volume = {45},
	Year = {1996}}

@article{Caie2013,
	Author = {Michael Caie},
	Date-Added = {2015-09-17 14:52:25 +0000},
	Date-Modified = {2015-09-17 14:52:25 +0000},
	Journal = {Philosophical Review},
	Number = {4},
	Pages = {527--575},
	Title = {Rational Probabilistic Incoherence},
	Volume = {122},
	Year = {2013}}

@article{Clifford1877,
	Author = {William K. {Clifford}},
	Date-Added = {2015-09-17 14:52:25 +0000},
	Date-Modified = {2015-09-17 14:52:25 +0000},
	Journal = {Contemporary Review},
	Title = {The Ethics of Belief},
	Year = {1877}}

@inproceedings{Dalkey1985,
	Author = {Norman {Dalkey}},
	Booktitle = {1st Workshop on Uncertainty in Artificial Intelligence},
	Date-Added = {2015-09-17 14:52:25 +0000},
	Date-Modified = {2015-09-17 14:52:25 +0000},
	Pages = {109--116},
	Title = {Inductive inference and the representation of uncertainty},
	Year = {1985}}

@article{Dawid2007,
	Author = {A P {Dawid}},
	Date-Added = {2015-09-17 14:52:25 +0000},
	Date-Modified = {2015-09-17 14:52:25 +0000},
	Journal = {Annals of the Institute of Statistical Mathematics},
	Number = {1},
	Pages = {77--93},
	Title = {The Geometry of Proper Scoring Rules},
	Volume = {59},
	Year = {2007}}

@book{deFinetti1972,
	Address = {New York},
	Author = {Bruno {de Finetti}},
	Date-Added = {2015-09-17 14:52:25 +0000},
	Date-Modified = {2015-09-17 14:52:25 +0000},
	Publisher = {Wiley},
	Title = {Probability Induction and Statistics},
	Year = {1972}}

@book{deFinetti1974,
	Author = {Bruno {de Finetti}},
	Date-Added = {2015-09-17 14:52:25 +0000},
	Date-Modified = {2015-09-17 14:52:25 +0000},
	Publisher = {John Wiley \& Sons},
	Title = {{Theory of Probability. A Critical Introductory Treatment}},
	Year = {1974}}

@book{Dewey1972,
	Address = {Carbondale and Edwardsville},
	Author = {John {Dewey}},
	Date-Added = {2015-09-17 14:52:25 +0000},
	Date-Modified = {2015-09-17 14:52:25 +0000},
	Editor = {Jo Ann {Boydston}},
	Publisher = {Southern Illinois University Press},
	Title = {The Later Works 1925-1953},
	Year = {1972}}

@book{Earman1992,
	Address = {Cambridge},
	Author = {John {Earman}},
	Date-Added = {2015-09-17 14:52:25 +0000},
	Date-Modified = {2015-09-17 14:52:25 +0000},
	Publisher = {MIT Press},
	Title = {Bayes or Bust? A Critical Examination of Bayesian Confirmation Theory},
	Year = {1992}}

@article{Easwaran2013,
	Author = {Easwaran, Kenny},
	Date-Added = {2015-09-17 14:52:25 +0000},
	Date-Modified = {2015-09-17 14:52:25 +0000},
	Journal = {Philosophy of Science},
	Number = {1},
	Pages = {119--142},
	Title = {{Expected Accuracy Supports Conditionalization---and Conglomerability and Reflection}},
	Volume = {80},
	Year = {2013}}

@article{Edwards1963,
	Author = {Ward {Edwards} and Harold {Lindman} and L.J. {Savage}},
	Date-Added = {2015-09-17 14:52:25 +0000},
	Date-Modified = {2015-09-17 14:52:25 +0000},
	Journal = {Psychological Research},
	Number = {3},
	Pages = {193--242},
	Title = {Bayesian Statistical Inference for Psychological Research},
	Volume = {70},
	Year = {1963}}

@article{Elga2010,
	Author = {Adam {Elga}},
	Date-Added = {2015-09-17 14:52:25 +0000},
	Date-Modified = {2015-09-17 14:52:25 +0000},
	Journal = {Philosophers Imprint},
	Number = {5},
	Pages = {1--11},
	Title = {Subjective Probabilities Should be Sharp},
	Volume = {10},
	Year = {2010}}

@article{Ellsberg1961,
	Author = {Daniel {Ellsberg}},
	Date-Added = {2015-09-17 14:52:25 +0000},
	Date-Modified = {2015-09-17 14:52:25 +0000},
	Journal = {The Quarterly Journal of Economics},
	Number = {4},
	Pages = {643--669},
	Title = {Risk, Ambiguity, and the Savage Axioms},
	Volume = {75},
	Year = {1961}}

@article{Eriksson2007,
	Author = {Lina {Eriksson} and Alan {H\'ajek}},
	Date-Added = {2015-09-17 14:52:25 +0000},
	Date-Modified = {2016-02-01 14:53:09 +0000},
	Journal = {Studia Logica: An International Journal for Symbolic Logic},
	Number = {2},
	Pages = {183--213},
	Title = {{What Are Degrees of Belief?}},
	Volume = {86},
	Year = {2007}}

@article{Fetzer1981,
	Author = {James {Fetzer}},
	Date-Added = {2015-09-17 14:52:25 +0000},
	Date-Modified = {2015-09-17 14:52:25 +0000},
	Journal = {Synthese},
	Number = {3},
	Pages = {371--408},
	Title = {Probability and Explanation},
	Volume = {48},
	Year = {1981}}

@inproceedings{Fetzer1982,
	Author = {James {Fetzer}},
	Booktitle = {PSA: Proceedings of the Biennial Meeting of Philosophy of Science Association},
	Date-Added = {2015-09-17 14:52:25 +0000},
	Date-Modified = {2015-09-17 14:52:25 +0000},
	Pages = {194--207},
	Title = {Probabilistic Explanations},
	Volume = {2},
	Year = {1982}}

@article{Fetzer1983,
	Author = {James {Fetzer}},
	Date-Added = {2015-09-17 14:52:25 +0000},
	Date-Modified = {2015-09-17 14:52:25 +0000},
	Journal = {Synthese},
	Pages = {367--386},
	Title = {Probability and Objectivity in Deterministic and Indeterministic Situations},
	Volume = {57},
	Year = {1983}}

@article{Fisher1922,
	Author = {R.A. {Fisher}},
	Date-Added = {2015-09-17 14:52:25 +0000},
	Date-Modified = {2015-09-17 14:52:25 +0000},
	Journal = {Philosophical Transactions of the Royal Society of London. Series A, Containing Papers Philosophical Transactions of the Royal Society of London. Series A, Containing Papers of a Mathematical or Physical Character},
	Pages = {309--368},
	Title = {On the Mathematical Foundations of Theoretical Statistics},
	Volume = {222},
	Year = {1922}}

@article{Fitelson2013,
	Author = {Branden {Fitelson}},
	Date-Added = {2015-09-17 14:52:25 +0000},
	Date-Modified = {2015-09-17 14:52:25 +0000},
	Journal = {Ms.},
	Title = {Coherence: Comparative Confidence III},
	Year = {2013}}

@article{Fitelson2015,
	Author = {Branden {Fitelson} and David {McCarthy}},
	Date-Added = {2015-09-17 14:52:25 +0000},
	Date-Modified = {2018-08-31 13:49:13 +0100},
	Journal = {Ms.},
	Title = {Toward an Epistemic Foundation for Comparative Confidence},
	Year = {2015}}

@article{Furrer2011,
	Author = {Fabian {Furrer} and Johan {Aberg} and Renato {Renner}},
	Date-Added = {2015-09-17 14:52:25 +0000},
	Date-Modified = {2015-09-17 14:52:25 +0000},
	Journal = {Communications in Mathematical Physics},
	Number = {1},
	Pages = {165--186},
	Title = {Min- and Max-Entropy in Infinite Dimensions},
	Volume = {306},
	Year = {2011}}

@incollection{Garber1983,
	Author = {Daniel {Garber}},
	Booktitle = {Testing Scientific Theories, Midwest Studies in the Philosophy of Science},
	Date-Added = {2015-09-17 14:52:25 +0000},
	Date-Modified = {2015-09-17 14:52:25 +0000},
	Editor = {J. {Earman}},
	Pages = {99--131},
	Publisher = {University of Minnesota Press},
	Title = {Old Evidence and Logical Omniscience in Bayesian Confirmation Theory},
	Volume = {X},
	Year = {1983}}

@article{Gardenfors1982,
	Author = {Peter {Gardenfors} and N.E. {Sahlin}},
	Date-Added = {2015-09-17 14:52:25 +0000},
	Date-Modified = {2015-09-17 14:52:25 +0000},
	Journal = {Synthese},
	Number = {3},
	Pages = {361--386},
	Title = {Unreliable Probabilities, Risk Taking, and Decision Making},
	Volume = {53},
	Year = {1982}}

@article{Gibbard2007,
	Author = {Gibbard, Allan},
	Date-Added = {2015-09-17 14:52:25 +0000},
	Date-Modified = {2015-09-17 14:52:25 +0000},
	Journal = {Oxford Studies in Epistemology},
	Pages = {143},
	Title = {Rational Credence and the Value of Truth},
	Volume = {2},
	Year = {2007}}

@incollection{Gibbard2008,
	Author = {Allan {Gibbard}},
	Booktitle = {Oxford Studies in Epistemology},
	Date-Added = {2015-09-17 14:52:25 +0000},
	Date-Modified = {2015-09-17 14:52:25 +0000},
	Editor = {Tamar {Szabo Gendler} and John {Hawthorne}},
	Publisher = {Oxford University Press},
	Title = {Rational Credence and the Value of Truth},
	Volume = {2},
	Year = {2008}}

@incollection{Giere1973,
	Address = {New York},
	Author = {Richard {Giere}},
	Booktitle = {Logic, Methodology and Philosophy of Science},
	Date-Added = {2015-09-17 14:52:25 +0000},
	Date-Modified = {2015-09-17 14:52:25 +0000},
	Editor = {Patrick {Suppes}},
	Publisher = {North-Holland},
	Title = {Objective Single-Case Probabilities and the Foundations of Statistics},
	Volume = {IV},
	Year = {1973}}

@article{Gillies2000,
	Author = {Donald {Gillies}},
	Date-Added = {2015-09-17 14:52:25 +0000},
	Date-Modified = {2015-09-17 14:52:25 +0000},
	Journal = {British Journal for the Philosophy of Science},
	Pages = {807--835},
	Title = {Varieties of Propensity},
	Volume = {51},
	Year = {2000}}

@article{Gneiting2007,
	Author = {T. {Gneiting} and A. {Raftery}},
	Date-Added = {2015-09-17 14:52:25 +0000},
	Date-Modified = {2015-09-17 14:52:25 +0000},
	Journal = {Journal of the American Statistical Association},
	Number = {477},
	Pages = {359--378},
	Title = {Strictly Proper Scoring Rules, Prediction, and Estimation},
	Volume = {102},
	Year = {2007}}

@article{Greaves2006,
	Author = {Hilary {Greaves} and David {Wallace}},
	Date-Added = {2015-09-17 14:52:25 +0000},
	Date-Modified = {2015-09-17 14:52:25 +0000},
	Journal = {Mind},
	Number = {459},
	Pages = {607--632},
	Title = {{Justifying Conditionalization: Conditionalization Maximizes Expected Epistemic Utility}},
	Volume = {115},
	Year = {2006}}

@article{Greaves2013,
	Author = {Greaves, H},
	Date-Added = {2015-09-17 14:52:25 +0000},
	Date-Modified = {2015-09-17 14:52:25 +0000},
	Journal = {Mind},
	Title = {Epistemic Decision Theory},
	Year = {2013}}

@article{Greco2013,
	Author = {John {Greco} and John {Turri}},
	Date-Added = {2015-09-17 14:52:25 +0000},
	Date-Modified = {2015-09-17 14:52:25 +0000},
	Journal = {The Stanford Encyclopedia of Philosophy},
	Title = {Virtue Epistemology},
	Volume = {http://plato.stanford.edu/archives/win2013/entries/epistemology-virtue/},
	Year = {2013}}

@article{Hajek2003,
	Author = {H{\'a}jek, Alan},
	Date-Added = {2015-09-17 14:52:25 +0000},
	Date-Modified = {2015-09-17 14:52:25 +0000},
	Journal = {Synthese},
	Number = {3},
	Pages = {273--323},
	Title = {{What Conditional Probability Could Not Be}},
	Volume = {137},
	Year = {2003}}

@incollection{Hajek2008:konek,
	Author = {H{\'a}jek, Alan and James M. Joyce},
	Booktitle = {The Routledge Companion to Philosophy of Science},
	Chapter = {11},
	Date-Added = {2015-09-17 14:52:25 +0000},
	Date-Modified = {2015-09-17 14:52:25 +0000},
	Editor = {Stathis Psillos and Martin Curd},
	Pages = {115--128},
	Publisher = {Routledge},
	Title = {Confirmation},
	Year = {2008}}

@article{Hajek2012,
	Author = {Alan {Hajek}},
	Date-Added = {2015-09-17 14:52:25 +0000},
	Date-Modified = {2015-09-17 14:52:25 +0000},
	Journal = {The Stanford Encyclopedia of Philosophy},
	Title = {Interpretations of Probability},
	Url = {http://plato.stanford.edu/archives/win2012/entries/probability-interpret/},
	Year = {2012},
	Bdsk-Url-1 = {http://plato.stanford.edu/archives/win2012/entries/probability-interpret/}}

@article{Hall1994,
	Author = {Ned {Hall}},
	Date-Added = {2015-09-17 14:52:25 +0000},
	Date-Modified = {2015-09-17 14:52:25 +0000},
	Journal = {Mind},
	Number = {412},
	Pages = {505--517},
	Title = {Correcting The Guide to Objective Chance},
	Volume = {103},
	Year = {1994}}

@article{Hall2004,
	Author = {Ned {Hall}},
	Date-Added = {2015-09-17 14:52:25 +0000},
	Date-Modified = {2015-09-17 14:52:25 +0000},
	Journal = {Australasian Journal of Philosophy},
	Number = {1},
	Pages = {93--111},
	Title = {Two Mistakes About Credence and Chance},
	Volume = {82},
	Year = {2004}}

@article{Hawthorne1993,
	Author = {James {Hawthorne}},
	Date-Added = {2015-09-17 14:52:25 +0000},
	Date-Modified = {2015-09-17 14:52:25 +0000},
	Journal = {Philosophical Topics},
	Number = {1},
	Pages = {99--138},
	Title = {Bayesian Induction Is Eliminative Induction},
	Volume = {21},
	Year = {1993}}

@article{Hawthorne1994,
	Author = {James {Hawthorne}},
	Date-Added = {2015-09-17 14:52:25 +0000},
	Date-Modified = {2015-09-17 14:52:25 +0000},
	Journal = {Proceedings of the Biennial Meeting of the Philosophy of SCience Association},
	Pages = {241--249},
	Title = {On the Nature of Bayesian Convergence},
	Year = {1994}}

@inbook{Hitchcock2002,
	Address = {London},
	Author = {Christopher {Hitchcock}},
	Chapter = {Probability and Chance},
	Date-Added = {2015-09-17 14:52:25 +0000},
	Date-Modified = {2015-09-17 14:52:25 +0000},
	Pages = {12089--12095},
	Publisher = {Elsevier},
	Title = {International Encyclopedia of the Social and Behavioral Sciences},
	Volume = {18},
	Year = {2002}}

@unpublished{Hitchcock2012,
	Author = {Christopher {Hitchcock}},
	Date-Added = {2015-09-17 14:52:25 +0000},
	Date-Modified = {2015-09-17 14:52:25 +0000},
	Note = {Ms.},
	Title = {Cause and Chance},
	Year = {2012}}

@article{Humberstone1992,
	Author = {Humberstone, I L},
	Date-Added = {2015-09-17 14:52:25 +0000},
	Date-Modified = {2015-09-17 14:52:25 +0000},
	Journal = {Mind},
	Number = {401},
	Pages = {59--83},
	Title = {Direction of Fit},
	Volume = {101},
	Year = {1992}}

@article{Ismael2008,
	Author = {Jenann {Ismael}},
	Date-Added = {2015-09-17 14:52:25 +0000},
	Date-Modified = {2015-09-17 14:52:25 +0000},
	Journal = {Nous},
	Number = {2},
	Pages = {292--307},
	Title = {Raid! Dissolving the Big, Bad Bug},
	Volume = {42},
	Year = {2008}}

@incollection{James1897,
	Author = {William {James}},
	Booktitle = {The Will to Believe and Other Essays in Popular Philosophy},
	Date-Added = {2015-09-17 14:52:25 +0000},
	Date-Modified = {2015-09-17 14:52:25 +0000},
	Publisher = {Longmans Green and Co.},
	Title = {The Will to Believe},
	Year = {1897}}

@article{Jaynes1957,
	Author = {Edwin {Jaynes}},
	Date-Added = {2015-09-17 14:52:25 +0000},
	Date-Modified = {2015-09-17 14:52:25 +0000},
	Journal = {The Physical Review},
	Number = {4},
	Pages = {620--630},
	Title = {Information theory and statistical mechanics},
	Volume = {106},
	Year = {1957}}

@article{Jaynes1968,
	Author = {Edwin {Jaynes}},
	Date-Added = {2015-09-17 14:52:25 +0000},
	Date-Modified = {2015-09-17 14:52:25 +0000},
	Journal = {IEEE Transactions On Systems Science and Cybernetics},
	Number = {3},
	Pages = {227--241},
	Title = {Prior Probabilities},
	Volume = {4},
	Year = {1968}}

@article{Jaynes1973,
	Author = {Edwin {Jaynes}},
	Date-Added = {2015-09-17 14:52:25 +0000},
	Date-Modified = {2015-09-17 14:52:25 +0000},
	Journal = {Foundations of Physics},
	Pages = {477--493},
	Title = {The Well-Posed Problem},
	Volume = {3},
	Year = {1973}}

@incollection{Jaynes1976,
	Address = {Dordrecht-Holland},
	Author = {Edwin {Jaynes}},
	Booktitle = {Foundations of Probability Theory, Statistical Inference, and Statistical Theories of Science},
	Date-Added = {2015-09-17 14:52:25 +0000},
	Date-Modified = {2015-09-17 14:52:25 +0000},
	Editor = {Harper and Hooker},
	Journal = {Foundations of Probability Theory, Statistical Inference, and Statistical Theories of Science},
	Number = {175--213},
	Publisher = {D. Reidel Publishing Company},
	Title = {Confidence Intervals vs Bayesian Intervals},
	Volume = {II},
	Year = {1976}}

@book{Jeffrey1965,
	Author = {Richard {Jeffrey}},
	Date-Added = {2015-09-17 14:52:25 +0000},
	Date-Modified = {2015-09-17 14:52:25 +0000},
	Publisher = {University of Chicago Press},
	Title = {The Logic of Decision},
	Year = {1965}}

@book{Jeffrey1983,
	Author = {Jeffrey, Richard},
	Date-Added = {2015-07-19 16:15:35 +0000},
	Date-Modified = {2015-12-11 21:05:53 +0000},
	Edition = {2nd},
	Publisher = {University of Chicago Press},
	Title = {The Logic of Decision},
	Year = {1965/1983}}

@article{Jeffrey1983a,
	Author = {Richard {Jeffrey}},
	Date-Added = {2015-09-17 14:52:25 +0000},
	Date-Modified = {2015-09-17 14:52:25 +0000},
	Journal = {Testing Scientific Theories, Minnesota Studies in the Philosophy of Science},
	Pages = {133--156},
	Rating = {0},
	Read = {Yes},
	Title = {Bayesianism with a human face},
	Volume = {10},
	Year = {1983},
	Bdsk-File-1 = {YnBsaXN0MDDSAQIDBFxyZWxhdGl2ZVBhdGhZYWxpYXNEYXRhXxB/Li4vLi4vRG9jdW1lbnRzL1BhcGVycy8xOTgzL0plZmZyZXkvVGVzdGluZyBTY2llbnRpZmljIFRoZW9yaWVzIE1pbm5lc290YSBTdHVkaWVzIGluIHRoZSBQaGlsb3NvcGh5IG9mIFNjaWVuY2UgMTk4MyBKZWZmcmV5LnBkZk8RAq4AAAAAAq4AAgAADE1hY2ludG9zaCBIRAAAAAAAAAAAAAAAAAAAAMT6AqlIKwAAAE2SXR9UZXN0aW5nIFNjaWVudGlmaWMgVCM1NEVBNUMucGRmAAAAAAAAAAAAAAAAAAAAAAAAAAAAAAAAAAAAAAAAAAAAVOpcxt+xjQAAAAAAAAAAAAIABQAACSAAAAAAAAAAAAAAAAAAAAAHSmVmZnJleQAAEAAIAADE+jrpAAAAEQAIAADG3+nNAAAAAQAYAE2SXQBNklwATMj0AApToAAKS/UAAHvYAAIAW01hY2ludG9zaCBIRDpVc2VyczpqYXNvbmtvbmVrOkRvY3VtZW50czpQYXBlcnM6MTk4MzpKZWZmcmV5OlRlc3RpbmcgU2NpZW50aWZpYyBUIzU0RUE1Qy5wZGYAAA4AuABbAFQAZQBzAHQAaQBuAGcAIABTAGMAaQBlAG4AdABpAGYAaQBjACAAVABoAGUAbwByAGkAZQBzACAATQBpAG4AbgBlAHMAbwB0AGEAIABTAHQAdQBkAGkAZQBzACAAaQBuACAAdABoAGUAIABQAGgAaQBsAG8AcwBvAHAAaAB5ACAAbwBmACAAUwBjAGkAZQBuAGMAZQAgADEAOQA4ADMAIABKAGUAZgBmAHIAZQB5AC4AcABkAGYADwAaAAwATQBhAGMAaQBuAHQAbwBzAGgAIABIAEQAEgCKVXNlcnMvamFzb25rb25lay9Eb2N1bWVudHMvUGFwZXJzLzE5ODMvSmVmZnJleS9UZXN0aW5nIFNjaWVudGlmaWMgVGhlb3JpZXMgTWlubmVzb3RhIFN0dWRpZXMgaW4gdGhlIFBoaWxvc29waHkgb2YgU2NpZW5jZSAxOTgzIEplZmZyZXkucGRmABMAAS8AABUAAgAR//8AAAAIAA0AGgAkAKYAAAAAAAACAQAAAAAAAAAFAAAAAAAAAAAAAAAAAAADWA==}}

@article{Jeffrey1986,
	Author = {Richard {Jeffrey}},
	Date-Added = {2015-09-17 14:52:25 +0000},
	Date-Modified = {2015-09-17 14:52:25 +0000},
	Journal = {Topoi},
	Number = {1},
	Pages = {51--58},
	Title = {Probabilism and Induction},
	Volume = {5},
	Year = {1986}}

@article{Jeffrey1987,
	Author = {Richard {Jeffrey}},
	Date-Added = {2015-09-17 14:52:25 +0000},
	Date-Modified = {2015-09-17 14:52:25 +0000},
	Journal = {Philosophy of Science},
	Number = {4},
	Pages = {586--591},
	Title = {Indefinite Probability Judgment: A Reply to Levi},
	Volume = {54},
	Year = {1987}}

@book{Jeffrey2002,
	Address = {Cambridge},
	Author = {Richard {Jeffrey}},
	Date-Added = {2015-09-17 14:52:25 +0000},
	Date-Modified = {2015-10-27 19:00:24 +0000},
	Publisher = {Cambridge University Press},
	Title = {Subjective Probability: The Real Thing},
	Year = {2002}}

@book{Johnson1924,
	Address = {Cambridge},
	Author = {W. E. {Johnson}},
	Date-Added = {2015-09-17 14:52:25 +0000},
	Date-Modified = {2015-09-17 14:52:25 +0000},
	Publisher = {Cambridge University Press},
	Title = {Logic, Part III: The Logical Foundations of Science},
	Year = {1924}}

@article{Joyce1998,
	Author = {James M. Joyce},
	Date-Added = {2015-09-17 14:52:25 +0000},
	Date-Modified = {2015-09-17 14:52:25 +0000},
	Journal = {Philosophy of Science},
	Number = {4},
	Pages = {575--603},
	Rating = {0},
	Read = {Yes},
	Title = {A Nonpragmatic Vindication of Probabilism},
	Volume = {65},
	Year = {1998},
	Bdsk-File-1 = {YnBsaXN0MDDSAQIDBFxyZWxhdGl2ZVBhdGhZYWxpYXNEYXRhXxBGLi4vLi4vRG9jdW1lbnRzL1BhcGVycy8xOTk4L0pveWNlL1BoaWxvc29waHkgb2YgU2NpZW5jZSAxOTk4IEpveWNlLnBkZk8RAgQAAAAAAgQAAgAADE1hY2ludG9zaCBIRAAAAAAAAAAAAAAAAAAAAMT6AqlIKwAAAEzhIR9QaGlsb3NvcGh5IG9mIFNjaWVuYyM0Q0UwQUEucGRmAAAAAAAAAAAAAAAAAAAAAAAAAAAAAAAAAAAAAAAAAAAATOCqxXQRFVBERiBDQVJPAAIABQAACSAAAAAAAAAAAAAAAAAAAAAFSm95Y2UAABAACAAAxPo66QAAABEACAAAxXRXZQAAAAEAGABM4SEATOEgAEzI9AAKU6AACkv1AAB72AACAFlNYWNpbnRvc2ggSEQ6VXNlcnM6amFzb25rb25lazpEb2N1bWVudHM6UGFwZXJzOjE5OTg6Sm95Y2U6UGhpbG9zb3BoeSBvZiBTY2llbmMjNENFMEFBLnBkZgAADgBKACQAUABoAGkAbABvAHMAbwBwAGgAeQAgAG8AZgAgAFMAYwBpAGUAbgBjAGUAIAAxADkAOQA4ACAASgBvAHkAYwBlAC4AcABkAGYADwAaAAwATQBhAGMAaQBuAHQAbwBzAGgAIABIAEQAEgBRVXNlcnMvamFzb25rb25lay9Eb2N1bWVudHMvUGFwZXJzLzE5OTgvSm95Y2UvUGhpbG9zb3BoeSBvZiBTY2llbmNlIDE5OTggSm95Y2UucGRmAAATAAEvAAAVAAIAEf//AAAACAANABoAJABtAAAAAAAAAgEAAAAAAAAABQAAAAAAAAAAAAAAAAAAAnU=},
	Bdsk-Url-1 = {http://www.jstor.org/stable/188574}}

@book{Joyce1999,
	Address = {Cambridge},
	Author = {James M. Joyce},
	Date-Added = {2015-09-17 14:52:25 +0000},
	Date-Modified = {2015-09-17 14:52:25 +0000},
	Publisher = {Cambridge University Press},
	Title = {The Foundations of Causal Decision Theory},
	Year = {1999}}

@article{Joyce2000,
	Author = {James M. Joyce},
	Date-Added = {2015-09-17 14:52:25 +0000},
	Date-Modified = {2015-09-17 14:52:25 +0000},
	Journal = {Philosophy of Science},
	Number = {Supplement},
	Pages = {S1--S13},
	Title = {Why We Still Need the Logic of Decision},
	Volume = {67},
	Year = {2000}}

@article{Joyce2002,
	Author = {James M. Joyce},
	Date-Added = {2015-09-17 14:52:25 +0000},
	Date-Modified = {2015-09-17 14:52:25 +0000},
	Journal = {Philosophical Studies},
	Pages = {69--102},
	Title = {Levi on Causal Decision Theory and the Possibility of Predicting One's Own Actions},
	Volume = {110},
	Year = {2002}}

@article{Joyce2004,
	Author = {James M. Joyce},
	Date-Added = {2015-09-17 14:52:25 +0000},
	Date-Modified = {2015-09-17 14:52:25 +0000},
	Journal = {The Oxford Handbook of Rationality},
	Pages = {1--26},
	Title = {{Bayesianism}},
	Year = {2004}}

@article{Joyce2005,
	Author = {James M. Joyce},
	Date-Added = {2015-09-17 14:52:25 +0000},
	Date-Modified = {2015-09-17 14:52:25 +0000},
	Journal = {Philosophical Perspectives},
	Pages = {153--178},
	Rating = {5},
	Read = {Yes},
	Title = {How probabilities reflect evidence},
	Volume = {19},
	Year = {2005},
	Bdsk-File-1 = {YnBsaXN0MDDSAQIDBFxyZWxhdGl2ZVBhdGhZYWxpYXNEYXRhXxBLLi4vLi4vRG9jdW1lbnRzL1BhcGVycy8yMDA1L0pveWNlL1BoaWxvc29waGljYWwgUGVyc3BlY3RpdmVzIDIwMDUgSm95Y2UucGRmTxECEgAAAAACEgACAAAMTWFjaW50b3NoIEhEAAAAAAAAAAAAAAAAAAAAxPpXCUgrAAAATeIdH1BoaWxvc29waGljYWwgUGVyc3AjNTYwNkREOS5wZGYAAAAAAAAAAAAAAAAAAAAAAAAAAAAAAAAAAAAAAAAAAAVgbdnGAuKDUERGIAAAAAAAAgAFAAAJIAAAAAAAAAAAAAAAAAAAAAVKb3ljZQAAEAAIAADE+jrpAAAAEQAIAADGAsZjAAAAAQAYAE3iHQBM0OcATMj0AApToAAKS/UAAHvYAAIAWU1hY2ludG9zaCBIRDpVc2VyczpqYXNvbmtvbmVrOkRvY3VtZW50czpQYXBlcnM6MjAwNTpKb3ljZTpQaGlsb3NvcGhpY2FsIFBlcnNwIzU2MDZERDkucGRmAAAOAFQAKQBQAGgAaQBsAG8AcwBvAHAAaABpAGMAYQBsACAAUABlAHIAcwBwAGUAYwB0AGkAdgBlAHMAIAAyADAAMAA1ACAASgBvAHkAYwBlAC4AcABkAGYADwAaAAwATQBhAGMAaQBuAHQAbwBzAGgAIABIAEQAEgBWVXNlcnMvamFzb25rb25lay9Eb2N1bWVudHMvUGFwZXJzLzIwMDUvSm95Y2UvUGhpbG9zb3BoaWNhbCBQZXJzcGVjdGl2ZXMgMjAwNSBKb3ljZS5wZGYAEwABLwAAFQACABH//wAAAAgADQAaACQAcgAAAAAAAAIBAAAAAAAAAAUAAAAAAAAAAAAAAAAAAAKI},
	Bdsk-Url-1 = {http://www3.interscience.wiley.com/journal/118716072/abstract}}

@article{Joyce2007,
	Author = {James M. Joyce},
	Date-Added = {2015-09-17 14:52:25 +0000},
	Date-Modified = {2015-09-17 14:52:25 +0000},
	Journal = {Proceedings of the Aristotelian Society},
	Number = {Part 2},
	Pages = {187--206},
	Title = {{VIII---Epistemic Deference: The Case of Chance}},
	Volume = {CVII},
	Year = {2007}}

@incollection{Joyce2009,
	Address = {Dordrecht},
	Author = {James M. Joyce},
	Booktitle = {Degrees of Belief},
	Date-Added = {2015-09-17 14:52:25 +0000},
	Date-Modified = {2015-09-17 14:52:25 +0000},
	Editor = {Huber, Franz and Schmidt-Petri, Christoph},
	Publisher = {Springer},
	Title = {Accuracy and Coherence: Prospects for an Alethic Epistemology of Partial Belief},
	Volume = {342},
	Year = {2009}}

@article{Joyce2010,
	number = {1},
	author = {James M. Joyce},
	year = {2010},
	pages = {281--323},
	volume = {24},
	journal = {Philosophical Perspectives},
	title = {A Defense of Imprecise Credences in Inference and Decision Making}}

@article{Joyce2013,
	Author = {James M. Joyce},
	Date-Added = {2015-09-17 14:52:25 +0000},
	Date-Modified = {2015-09-17 14:52:25 +0000},
	Journal = {Ms.},
	Pages = {1--29},
	Title = {Why Evidentialists Need not Worry About the Accuracy Argument for Probabilism},
	Year = {2013}}

@book{Kaplan1996,
	Address = {Cambridge},
	Author = {Mark {Kaplan}},
	Date-Added = {2015-09-17 14:52:25 +0000},
	Date-Modified = {2015-09-17 14:52:25 +0000},
	Publisher = {Cambridge University Press},
	Title = {Decision Theory as Philosophy},
	Year = {1996}}

@article{Kaplan2010,
	Author = {Kaplan, Mark},
	Date-Added = {2015-09-17 14:52:25 +0000},
	Date-Modified = {2015-09-17 14:52:25 +0000},
	Journal = {Synthese},
	Number = {1},
	Pages = {41--55},
	Title = {{In defense of modest probabilism}},
	Volume = {176},
	Year = {2010}}

@article{Kass1996,
	Author = {Robert {Kass} and Larry {Wasserman}},
	Date-Added = {2015-09-17 14:52:25 +0000},
	Date-Modified = {2015-09-17 14:52:25 +0000},
	Journal = {Journal of the American Statistical Association},
	Number = {435},
	Pages = {1343--1370},
	Title = {The Selection of Prior Distributions by Formal Rules},
	Volume = {91},
	Year = {1996}}

@book{Keynes1921,
	Address = {London},
	Author = {John Maynard {Keynes}},
	Date-Added = {2015-09-17 14:52:25 +0000},
	Date-Modified = {2015-09-17 14:52:25 +0000},
	Publisher = {Macmillan and Co.},
	Title = {A Treatise on Probability},
	Year = {1921}}

@article{Keynes1937,
	Author = {John Maynard {Keynes}},
	Date-Added = {2015-09-17 14:52:25 +0000},
	Date-Modified = {2015-09-17 14:52:25 +0000},
	Journal = {The Quarterly Journal of Economic},
	Pages = {109--123},
	Title = {The General Theory of Employment},
	Volume = {XIV},
	Year = {1937}}

@article{Kolodny2010,
	Author = {Niko {Kolodny} and John {MacFarlane}},
	Date-Added = {2015-09-17 14:52:25 +0000},
	Date-Modified = {2015-09-17 14:52:25 +0000},
	Journal = {Journal of Philosophy},
	Number = {3},
	Pages = {115--143},
	Title = {Ifs and Oughts},
	Volume = {107},
	Year = {2010}}

@article{Kraft1959,
	Author = {Kraft, Charles H and Pratt, John W and Seidenberg, Abraham},
	Date-Added = {2015-09-17 14:52:25 +0000},
	Date-Modified = {2015-09-17 14:52:25 +0000},
	Journal = {The Annals of Mathematical Statistics},
	Number = {2},
	Pages = {408--419},
	Title = {{Intuitive probability on finite sets}},
	Volume = {30},
	Year = {1959}}

@article{Kratzer1977,
	Author = {Kratzer, Angelika},
	Date-Added = {2015-09-17 14:52:25 +0000},
	Date-Modified = {2015-09-17 14:52:25 +0000},
	Journal = {Linguistics and Philosophy},
	Number = {3},
	Pages = {337--355},
	Title = {{What `must' and `can' must and can mean}},
	Volume = {1},
	Year = {1977}}

@article{Kratzer1981,
	Author = {Kratzer, Angelika},
	Date-Added = {2015-09-17 14:52:25 +0000},
	Date-Modified = {2015-09-17 14:52:25 +0000},
	Journal = {Words, worlds, and contexts},
	Pages = {38--74},
	Title = {{The notional category of modality}},
	Year = {1981}}

@article{Kriegler2009,
	Author = {Kriegler, Elmar and Hall, Jim W and Held, Hermann and Dawson, Richard and Schellnhuber, Hans Joachim and Clark, William C},
	Date-Added = {2015-09-17 14:52:25 +0000},
	Date-Modified = {2015-09-17 14:52:25 +0000},
	Journal = {Proceedings of the National Academy of Sciences of the United States of America},
	Number = {13},
	Pages = {5041--5046},
	Title = {{Imprecise Probability Assessment of Tipping Points in the Climate System}},
	Volume = {106},
	Year = {2009}}

@article{Kyburg1996,
	Abstract = {Page 1. -  Henry E. , Jr. Michael  Page 2. - 2 - -  ABSTRACT. Problems for strict },
	Author = {H. {Kyburg} and M. {Pittarelli}},
	Date-Added = {2015-09-17 14:52:25 +0000},
	Date-Modified = {2015-09-17 14:52:25 +0000},
	Journal = {IEEE Transactions on Systems, Man, and Cybernetics},
	Pages = {324--339},
	Rating = {1},
	Read = {Yes},
	Title = {Set-based bayesianism},
	Volume = {26},
	Year = {1996},
	Bdsk-File-1 = {YnBsaXN0MDDSAQIDBFxyZWxhdGl2ZVBhdGhZYWxpYXNEYXRhXxBPLi4vLi4vRG9jdW1lbnRzL1BhcGVycy8xOTk2L0t5YnVyZy9JRUVFIFRyYW5zYWN0aW9ucyBvbiBTeXN0ZW1zIDE5OTYgS3lidXJnLnBkZk8RAhwAAAAAAhwAAgAADE1hY2ludG9zaCBIRAAAAAAAAAAAAAAAAAAAAMT6AqlIKwAAAE3njh9JRUVFIFRyYW5zYWN0aW9ucyBvbiM0REU3ODcucGRmAAAAAAAAAAAAAAAAAAAAAAAAAAAAAAAAAAAAAAAAAAAATeeHxrnL1gAAAAAAAAAAAAIABQAACSAAAAAAAAAAAAAAAAAAAAAGS3lidXJnABAACAAAxPo66QAAABEACAAAxroEFgAAAAEAGABN544ATUYgAEzI9AAKU6AACkv1AAB72AACAFpNYWNpbnRvc2ggSEQ6VXNlcnM6amFzb25rb25lazpEb2N1bWVudHM6UGFwZXJzOjE5OTY6S3lidXJnOklFRUUgVHJhbnNhY3Rpb25zIG9uIzRERTc4Ny5wZGYADgBaACwASQBFAEUARQAgAFQAcgBhAG4AcwBhAGMAdABpAG8AbgBzACAAbwBuACAAUwB5AHMAdABlAG0AcwAgADEAOQA5ADYAIABLAHkAYgB1AHIAZwAuAHAAZABmAA8AGgAMAE0AYQBjAGkAbgB0AG8AcwBoACAASABEABIAWlVzZXJzL2phc29ua29uZWsvRG9jdW1lbnRzL1BhcGVycy8xOTk2L0t5YnVyZy9JRUVFIFRyYW5zYWN0aW9ucyBvbiBTeXN0ZW1zIDE5OTYgS3lidXJnLnBkZgATAAEvAAAVAAIAEf//AAAACAANABoAJAB2AAAAAAAAAgEAAAAAAAAABQAAAAAAAAAAAAAAAAAAApY=},
	Bdsk-Url-1 = {http://citeseerx.ist.psu.edu/viewdoc/download?doi=10.1.1.51.8260&rep=rep1&type=pdf}}

@article{Laplace1774,
	Author = {Pierre Simon {Laplace}},
	Date-Added = {2015-09-17 14:52:25 +0000},
	Date-Modified = {2015-09-17 14:52:25 +0000},
	Journal = {M{\'e}moires de l'Acad{\'e}mie royale des sciences de Paris},
	Pages = {364--378},
	Title = {Memoir on the Probability of the Causes of Events},
	Year = {1774}}

@article{Lasonen2013,
	Author = {Maria {Lasonen-Aarnio}},
	Date-Added = {2015-09-17 14:52:25 +0000},
	Date-Modified = {2015-09-17 14:52:25 +0000},
	Journal = {No{\^u}s},
	Number = {4},
	Pages = {767--794},
	Title = {Disagreement and Evidential Attenuation},
	Volume = {47},
	Year = {2013}}

@article{Leitgeb2010,
	Author = {Leitgeb, Hannes and Pettigrew, Richard},
	Date-Added = {2015-09-17 14:52:25 +0000},
	Date-Modified = {2015-09-17 14:52:25 +0000},
	Journal = {Philosophy of Science},
	Number = {2},
	Pages = {236--272},
	Title = {{An objective justification of Bayesianism II: The consequences of minimizing inaccuracy*}},
	Volume = {77},
	Year = {2010}}

@article{Leitgeb2010a,
	Author = {Hannes {Leitgeb} and Richard {Pettigrew}},
	Date-Added = {2015-09-17 14:52:25 +0000},
	Date-Modified = {2015-09-17 14:52:25 +0000},
	Journal = {Philosophy of Science},
	Number = {2},
	Pages = {201--235},
	Title = {An Objective Justification of Bayesianism I: Measuring Inaccuracy},
	Volume = {77},
	Year = {2010}}

@article{Leitgeb2010b,
	Author = {Hannes {Leitgeb} and Richard {Pettigrew}},
	Date-Added = {2015-09-17 14:52:25 +0000},
	Date-Modified = {2015-09-17 14:52:25 +0000},
	Journal = {Philosophy of Science},
	Number = {2},
	Pages = {236--273},
	Title = {An Objective Justification of Bayesianism II: The Consequences of Minimizing Inaccuracy},
	Volume = {77},
	Year = {2010}}

@book{Levi1967,
	Address = {New York},
	Author = {Isaac {Levi}},
	Date-Added = {2015-09-17 14:52:25 +0000},
	Date-Modified = {2015-09-17 14:52:25 +0000},
	Publisher = {Knopf},
	Title = {Gambling with Truth},
	Year = {1967}}

@article{Levi1974,
	Author = {Levi, Isaac},
	Date-Added = {2015-09-17 14:52:25 +0000},
	Date-Modified = {2015-09-17 14:52:25 +0000},
	Journal = {The Journal of Philosophy},
	Number = {13},
	Pages = {391--418},
	Title = {{On Indeterminate Probabilities}},
	Volume = {71},
	Year = {1974}}

@book{Levi1980,
	Address = {Cambridge, MA},
	Author = {Isaac {Levi}},
	Date-Added = {2015-09-17 14:52:25 +0000},
	Date-Modified = {2015-09-17 14:52:25 +0000},
	Publisher = {MIT Press},
	Title = {The Enterprise of Knowledge},
	Year = {1980}}

@book{Levi1984,
	Address = {Cambridge},
	Author = {Isaac {Levi}},
	Date-Added = {2015-09-17 14:52:25 +0000},
	Date-Modified = {2015-09-17 14:52:25 +0000},
	Publisher = {Cambridge University Press},
	Title = {Decisions and Revisions},
	Year = {1984}}

@article{Levi1985,
	Author = {Isaac {Levi}},
	Date-Added = {2015-09-17 14:52:25 +0000},
	Date-Modified = {2015-09-17 14:52:25 +0000},
	Journal = {Philosophy of Science},
	Pages = {390--409},
	Title = {Imprecision and Indeterminacy in Probability Judgment},
	Volume = {52},
	Year = {1985}}

@article{Levi1986,
	Author = {Isaac {Levi}},
	Date-Added = {2015-09-17 14:52:25 +0000},
	Date-Modified = {2015-09-17 14:52:25 +0000},
	Journal = {Economics and Philosophy},
	Number = {1},
	Pages = {23--53},
	Title = {The Paradoxes of Allais and Ellsberg},
	Volume = {2},
	Year = {1986}}

@book{Levi1991,
	Address = {Cambridge},
	Author = {Isaac {Levi}},
	Date-Added = {2015-09-17 14:52:25 +0000},
	Date-Modified = {2015-09-17 14:52:25 +0000},
	Publisher = {Cambridge University Press},
	Title = {The Fixation of Belief and its Undoing: Changing Beliefs through Inquiry},
	Year = {1991}}

@book{Levi2004,
	Address = {Oxford},
	Author = {Isaac {Levi}},
	Date-Added = {2015-09-17 14:52:25 +0000},
	Date-Modified = {2015-09-17 14:52:25 +0000},
	Publisher = {Oxford University Press},
	Title = {Mild Contraction: Evaluating Loss of Information due to Loss of Belief},
	Year = {2004}}

@book{Levi2012,
	Address = {Oxford},
	Author = {Isaac {Levi}},
	Date-Added = {2015-09-17 14:52:25 +0000},
	Date-Modified = {2015-09-17 14:52:25 +0000},
	Publisher = {Oxford University Press},
	Title = {Pragmatism and Inquiry: Selected Essays},
	Year = {2012}}

@unpublished{Levinstein2014,
	Author = {Ben {Levinstein}},
	Date-Added = {2015-09-17 14:52:25 +0000},
	Date-Modified = {2015-09-17 14:52:25 +0000},
	Title = {With All Due Respect: The Macro-Epistemology of Disagreement},
	Year = {2014}}

@article{Lewis1979,
	Author = {David {Lewis}},
	Date-Added = {2015-09-17 14:52:25 +0000},
	Date-Modified = {2015-09-17 14:52:25 +0000},
	Journal = {Nous},
	Number = {4},
	Pages = {455--476},
	Title = {Counterfactual Dependence and Time's Arrow},
	Volume = {13},
	Year = {1979}}

@incollection{Lewis1986a,
	Author = {David {Lewis}},
	Booktitle = {Philosophical Papers Vol. II},
	Date-Added = {2015-09-17 14:52:25 +0000},
	Date-Modified = {2015-09-17 14:52:25 +0000},
	Pages = {214--240},
	Publisher = {Oxford University Press},
	Title = {Causal Explanation},
	Year = {1986}}

@incollection{Lewis1986b,
	Address = {Oxford},
	Author = {David Lewis},
	Booktitle = {Philosophical Papers: Volume II},
	Date-Added = {2015-09-17 14:52:25 +0000},
	Date-Modified = {2015-09-17 14:52:25 +0000},
	Publisher = {Oxford University Press.},
	Title = {Postscripts to `{C}ausation'},
	Year = {1986}}

@article{Lewis2000,
	Author = {Lewis, David},
	Date-Added = {2015-09-17 14:52:25 +0000},
	Date-Modified = {2015-09-17 14:52:25 +0000},
	Journal = {The Journal of Philosophy},
	Number = {4},
	Pages = {182--197},
	Title = {{Causation as Influence}},
	Volume = {97},
	Year = {2000}}

@article{Lin2012,
	Author = {Lin, Hanti and Kelly, Kevin T},
	Date-Added = {2015-09-17 14:52:25 +0000},
	Date-Modified = {2015-09-17 14:52:25 +0000},
	Journal = {Journal of Philosophical Logic},
	Number = {6},
	Pages = {957--981},
	Title = {{Propositional reasoning that tracks probabilistic reasoning}},
	Volume = {41},
	Year = {2012}}

@incollection{Machina1990,
	Author = {M.J. {Machina} and Michael {Rothschild}},
	Booktitle = {The New Palgrave: Utility and Probability},
	Date-Added = {2015-09-17 14:52:25 +0000},
	Date-Modified = {2015-09-17 14:52:25 +0000},
	Journal = {The New Palgrave: Utility and Probability},
	Title = {Risk},
	Year = {1990}}

@book{Maher1993,
	Author = {Patrick {Maher}},
	Date-Added = {2015-09-17 14:52:25 +0000},
	Date-Modified = {2015-09-17 14:52:25 +0000},
	Publisher = {Cambridge University Press},
	Title = {Betting on Theories},
	Year = {1993}}

@article{Meacham2005,
	Author = {Meacham, Christopher J G},
	Date-Added = {2015-09-17 14:52:25 +0000},
	Date-Modified = {2015-09-17 14:52:25 +0000},
	Journal = {No{\^u}s},
	Pages = {281--307},
	Title = {{Three Proposals regarding a Theory of Chance}},
	Volume = {39},
	Year = {2005}}

@article{Meacham2010,
	Author = {Meacham, Christopher J G},
	Date-Added = {2015-09-17 14:52:25 +0000},
	Date-Modified = {2015-09-17 14:52:25 +0000},
	Journal = {The British Journal for the Philosophy of Science},
	Number = {2},
	Pages = {407--431},
	Title = {{Two Mistakes Regarding the Principal Principle}},
	Volume = {61},
	Year = {2010}}

@book{Mellor1995,
	Address = {London},
	Author = {D. H. {Mellor}},
	Date-Added = {2015-09-17 14:52:25 +0000},
	Date-Modified = {2015-09-17 14:52:25 +0000},
	Publisher = {Routledge Press},
	Title = {The Facts of Causation},
	Year = {1995}}

@book{Miller1994,
	Address = {Chicago and Lasalle, IL},
	Author = {David {Miller}},
	Date-Added = {2015-09-17 14:52:25 +0000},
	Date-Modified = {2015-09-17 14:52:25 +0000},
	Publisher = {Open Court},
	Title = {Critical Rationalism: A Restatement and Defence},
	Year = {1994}}

@incollection{Miller1996,
	Address = {Cambridge},
	Author = {David {Miller}},
	Booktitle = {Karl Popper: Philosophy and Problems},
	Date-Added = {2015-09-17 14:52:25 +0000},
	Date-Modified = {2015-09-17 14:52:25 +0000},
	Editor = {A, {O'Hear}},
	Pages = {121--147},
	Publisher = {Cambridge University Press},
	Title = {Propensities and Indeterminism},
	Year = {1996}}

@article{Miller2002,
	Author = {David {Miller}},
	Date-Added = {2015-09-17 14:52:25 +0000},
	Date-Modified = {2015-09-17 14:52:25 +0000},
	Journal = {Proceedings of the British Academy},
	Pages = {111--116},
	Title = {Propensities May Satisfy Bayes's Theorem},
	Volume = {113},
	Year = {2002}}

@article{Moss2013,
	Author = {Moss, S},
	Date-Added = {2015-09-17 14:52:25 +0000},
	Date-Modified = {2015-09-17 14:52:25 +0000},
	Journal = {Philosophical Review},
	Number = {1},
	Pages = {1--43},
	Title = {{Epistemology Formalized}},
	Volume = {122},
	Year = {2013}}

@article{Moss2014,
	Author = {Sarah {Moss}},
	Date-Added = {2015-09-17 14:52:25 +0000},
	Date-Modified = {2015-09-17 14:52:25 +0000},
	Journal = {Semantics and Pragmatics},
	Title = {On the semantics and pragmatics of epistemic modals},
	Volume = {Forthcoming},
	Year = {2014}}

@article{Neal2000,
	Author = {Radford {Neal}},
	Date-Added = {2015-09-17 14:52:25 +0000},
	Date-Modified = {2015-09-17 14:52:25 +0000},
	Journal = {Journal of Computational and Graphical Statistics},
	Number = {2},
	Pages = {249--265},
	Title = {Markov Chain Sampling Methods for Dirichlet Process Mixture Models},
	Volume = {9},
	Year = {2000}}

@article{Oddie1997,
	Author = {Oddie, Graham},
	Date-Added = {2015-09-17 14:52:25 +0000},
	Date-Modified = {2015-09-17 14:52:25 +0000},
	Journal = {The British Journal for the Philosophy of Science},
	Number = {4},
	Pages = {533--541},
	Title = {{Conditionalization, cogency, and cognitive value}},
	Volume = {48},
	Year = {1997}}

@incollection{Orbanz2010,
	Author = {Orbanz, Peter and Teh, Yee Whye},
	Booktitle = {Encyclopedia of Machine Learning},
	Date-Added = {2015-09-17 14:52:25 +0000},
	Date-Modified = {2015-09-17 14:52:25 +0000},
	Pages = {81--89},
	Publisher = {Springer},
	Title = {Bayesian nonparametric models},
	Year = {2010}}

@inbook{Orbanz2010b,
	Author = {P {Orbanz} and Y.W. {Teh}},
	Chapter = {Bayesian Nonparametric Models},
	Date-Added = {2015-09-17 14:52:25 +0000},
	Date-Modified = {2015-09-17 14:52:25 +0000},
	Publisher = {Springer},
	Title = {Encyclopedia of Machine Learning},
	Year = {2010}}

@article{Pearl2005a,
	Author = {Joe {Halpern} and Judea {Pearl}},
	Date-Added = {2015-09-17 14:52:25 +0000},
	Date-Modified = {2015-09-17 14:52:25 +0000},
	Journal = {British Journal for the Philosophy of Science},
	Pages = {843--887},
	Title = {Causes and Explanations: A Structural Model Approach; Part I: Causes},
	Volume = {56},
	Year = {2005}}

@article{Pearl2005b,
	Author = {Joe {Halpern} and Judea {Pearl}},
	Date-Added = {2015-09-17 14:52:25 +0000},
	Date-Modified = {2015-09-17 14:52:25 +0000},
	Journal = {British Journal for the Philosophy of Science},
	Pages = {889--911},
	Title = {Causes and Explanations: A Structural Model Approach; Part II: Explanations},
	Volume = {56},
	Year = {2005}}

@inbook{Pearson1962,
	Author = {E.S. {Pearson}},
	Date-Added = {2015-09-17 14:52:25 +0000},
	Date-Modified = {2015-09-17 14:52:25 +0000},
	Editor = {G.A. {Barnard} and D.R. {Cox}},
	Journal = {The Annals of Statistics},
	Pages = {53--58},
	Publisher = {John Wiley and Sons},
	Title = {The Foundations of Statistical Inference: A Discussion},
	Year = {1962}}

@article{Pettigrew2012,
	Author = {Richard {Pettigrew}},
	Date-Added = {2015-09-17 14:52:25 +0000},
	Date-Modified = {2015-09-17 14:52:25 +0000},
	Journal = {Philosophical Review},
	Number = {2},
	Pages = {241--275},
	Title = {Accuracy, chance, and the Principal Principle},
	Volume = {121},
	Year = {2012}}

@article{Pettigrew2013,
	Author = {Richard {Pettigrew}},
	Date-Added = {2015-09-17 14:52:25 +0000},
	Date-Modified = {2015-09-17 14:52:25 +0000},
	Journal = {Episteme},
	Number = {1},
	Pages = {19--35},
	Title = {A New Epistemic Utility Argument for the {P}rincipal {P}rinciple},
	Volume = {10},
	Year = {2013}}

@article{Pettigrew2013a,
	Author = {Richard {Pettigrew}},
	Date-Added = {2015-09-17 14:52:25 +0000},
	Date-Modified = {2015-09-17 14:52:25 +0000},
	Journal = {Philosophy Compass},
	Number = {10},
	Pages = {897--908},
	Title = {Epistemic Utility and Norms for Credences},
	Volume = {8},
	Year = {2013}}

@article{Pettigrew2013b,
	Author = {Richard {Pettigrew}},
	Date-Added = {2015-09-17 14:52:25 +0000},
	Date-Modified = {2015-09-17 14:52:25 +0000},
	Journal = {Episteme},
	Number = {01},
	Pages = {19--35},
	Title = {A New Epistemic Utility Argument for the {P}rincipal {P}rinciple},
	Volume = {10},
	Year = {2013}}

@article{Pettigrew2013c,
	Author = {Richard {Pettigrew}},
	Date-Added = {2015-09-17 14:52:25 +0000},
	Date-Modified = {2015-09-17 14:52:25 +0000},
	Journal = {http://m-phi.blogspot.co.uk/2013/05/accuracy-based-argument-for.html},
	Title = {Accuracy-based argument for Conditionalization},
	Year = {2013}}

@article{Pettigrew2014a,
	Author = {Pettigrew, Richard},
	Date-Added = {2015-09-17 14:52:25 +0000},
	Date-Modified = {2015-09-17 14:52:25 +0000},
	Journal = {Dialectica},
	Pages = {1--16},
	Title = {Accuracy and Evidence},
	Year = {2014}}

@article{Pettigrew2014b,
	Author = {Richard {Pettigrew}},
	Date-Added = {2015-09-17 14:52:25 +0000},
	Date-Modified = {2015-09-17 14:52:25 +0000},
	Journal = {Philosophy and Phenomenological Research},
	Pages = {1--24},
	Title = {Accuracy, Risk, and the Principle of Indifference},
	Year = {2014}}

@book{Pettigrew2015,
	Address = {Oxford},
	Author = {Richard {Pettigrew}},
	Date-Added = {2015-09-17 14:52:25 +0000},
	Date-Modified = {2015-09-17 14:52:25 +0000},
	Publisher = {Oxford University Press},
	Title = {Accuracy and the Laws of Credence},
	Year = {2015}}

@inproceedings{Popper1957,
	Address = {University of Bristol},
	Author = {Karl {Popper}},
	Booktitle = {Observation and Interpretation, Proceedings of the Ninth Symposium of the Colston Research Society},
	Date-Added = {2015-09-17 14:52:25 +0000},
	Date-Modified = {2015-09-17 14:52:25 +0000},
	Editor = {S {Korner}},
	Pages = {65-70, 88-89},
	Title = {The Propensity Interpretation of the Calculus of Probability, and the Quantum Theory},
	Year = {1957}}

@article{Popper1959a,
	Author = {Karl {Popper}},
	Date-Added = {2015-09-17 14:52:25 +0000},
	Date-Modified = {2015-09-17 14:52:25 +0000},
	Journal = {Philosophy of Science},
	Number = {37},
	Pages = {25--42},
	Title = {The Propensity Interpretation of Probability},
	Volume = {10},
	Year = {1959}}

@book{Popper1959b,
	Address = {New York},
	Author = {Popper, K. R.},
	Date-Added = {2015-09-17 14:52:25 +0000},
	Date-Modified = {2015-09-17 14:52:25 +0000},
	Publisher = {Basic Books},
	Title = {The Logic of Scientific Discovery},
	Year = {1959}}

@book{Popper1983,
	Address = {London},
	Author = {Karl {Popper}},
	Date-Added = {2015-09-17 14:52:25 +0000},
	Date-Modified = {2015-09-17 14:52:25 +0000},
	Publisher = {Hutchinson},
	Title = {Realism and the Aim of Science},
	Year = {1983}}

@book{Popper1990,
	Address = {Bristol},
	Author = {Karl {Popper}},
	Date-Added = {2015-09-17 14:52:25 +0000},
	Date-Modified = {2015-09-17 14:52:25 +0000},
	Publisher = {Thoemmes},
	Title = {A World of Propensities},
	Year = {1990}}

@article{Predd2009,
	Author = {Predd, Joel and Seiringer, Robert and H. Lieb, Elliott and Osherson, Daniel and Poor, H. Vincent and R. Kulkarni, Sanjeev},
	Date-Added = {2015-09-17 14:52:25 +0000},
	Date-Modified = {2015-09-17 14:52:25 +0000},
	Journal = {IEEE Transaction on Information Theory},
	Number = {10},
	Pages = {4786--4792},
	Title = {Probabilistic coherence and proper scoring rules},
	Volume = {55},
	Year = {2009}}

@book{Pritchard2005,
	Address = {Oxford},
	Author = {Duncan {Pritchard}},
	Date-Added = {2015-09-17 14:52:25 +0000},
	Date-Modified = {2015-09-17 14:52:25 +0000},
	Publisher = {Clarendon},
	Title = {Epistemic Luck},
	Year = {2005}}

@article{Pritchard2009,
	Author = {Duncan {Pritchard}},
	Date-Added = {2015-09-17 14:52:25 +0000},
	Date-Modified = {2015-09-17 14:52:25 +0000},
	Journal = {Philosophical Studies},
	Pages = {407--416},
	Title = {Apt Performance and Epistemic Value},
	Volume = {143},
	Year = {2009}}

@incollection{Pritchard2010,
	Address = {Oxford},
	Author = {Pritchard, Duncan},
	Booktitle = {The Nature and Value of Knowledge: Three Investigations},
	Date-Added = {2015-09-17 14:52:25 +0000},
	Date-Modified = {2015-09-17 14:52:25 +0000},
	Editor = {A. Haddock, A. Millar, DH Pritchard},
	Publisher = {Oxford University Press},
	Title = {Anti-luck virtue epistemology},
	Year = {2010}}

@article{Pritchard2012,
	Author = {Pritchard, Duncan},
	Date-Added = {2015-09-17 14:52:25 +0000},
	Date-Modified = {2015-09-17 14:52:25 +0000},
	Journal = {Journal of Philosophy},
	Number = {3},
	Pages = {247},
	Title = {{Anti-luck virtue epistemology}},
	Volume = {109},
	Year = {2012}}

@article{Renyi1955,
	Author = {R\'{e}nyi, A},
	Date-Added = {2015-09-17 14:52:25 +0000},
	Date-Modified = {2015-09-17 14:52:25 +0000},
	Journal = {Acta Mathematica Academiae Scientiarum Hungaricae},
	Pages = {286--335},
	Title = {On a New Axiomatic Theory of Probability},
	Volume = {6},
	Year = {1955}}

@article{Rott2006,
	Author = {Rott, Hans},
	Date-Added = {2015-09-17 14:52:25 +0000},
	Date-Modified = {2015-09-17 14:52:25 +0000},
	Journal = {Knowledge and inquiry: Essays on the pragmatism of Isaac Levi},
	Pages = {179},
	Title = {{The Value of Truth and the Value of Information}},
	Year = {2006}}

@book{Savage1954,
	Author = {Savage, Leonard},
	Date-Added = {2015-07-19 16:07:13 +0000},
	Date-Modified = {2015-07-19 16:08:12 +0000},
	Publisher = {Wiley},
	Title = {The Foundations of Statistics},
	Year = {1954}}

@book{Savage1972,
	Address = {New York},
	Author = {L.J. {Savage}},
	Date-Added = {2015-09-17 14:52:25 +0000},
	Date-Modified = {2015-09-17 14:52:25 +0000},
	Publisher = {Dover},
	Title = {The Foundations of Statistics},
	Year = {1972}}

@article{Schervish1999,
	Author = {Andrew {Barron} and Mark {Schervish} and Larry {Wasserman}},
	Date-Added = {2015-09-17 14:52:25 +0000},
	Date-Modified = {2015-09-17 14:52:25 +0000},
	Journal = {The Annals of Statistics},
	Number = {2},
	Pages = {536--561},
	Title = {The Consistency of Posterior Distributions in Nonparametric Problems},
	Volume = {27},
	Year = {1999}}

@article{Schervish2009,
	Author = {Mark {Schervish} and Teddy {Seidenfeld} and Jay {Kadane}},
	Date-Added = {2015-09-17 14:52:25 +0000},
	Date-Modified = {2015-09-17 14:52:25 +0000},
	Journal = {Decision Analysis},
	Number = {4},
	Pages = {202--221},
	Title = {Proper Scoring Rules, Dominated Forecasts, and Coherence},
	Volume = {6},
	Year = {2009}}

@article{Schoenfield2012,
	Author = {Schoenfield, Miriam},
	Date-Added = {2015-09-17 14:52:25 +0000},
	Date-Modified = {2015-09-17 14:52:25 +0000},
	Journal = {Philosophical Studies},
	Number = {2},
	Pages = {197--219},
	Title = {{Chilling out on epistemic rationality}},
	Volume = {158},
	Year = {2012}}

@article{Schoenfield2014,
	Author = {Miriam {Schoenfield}},
	Date-Added = {2015-09-17 14:52:25 +0000},
	Date-Modified = {2015-09-17 14:52:25 +0000},
	Journal = {Ms.},
	Title = {The Accuracy and Rationality of Imprecise Credences},
	Year = {2014}}

@unpublished{Schroeder2014,
	Author = {Mark {Schroeder}},
	Date-Added = {2015-09-17 14:52:25 +0000},
	Date-Modified = {2015-09-17 14:52:25 +0000},
	Note = {Ms.},
	Title = {Attitudes and Epistemics},
	Year = {2014}}

@article{Scott1964,
	Author = {Dana {Scott}},
	Date-Added = {2015-09-17 14:52:25 +0000},
	Date-Modified = {2015-09-17 14:52:25 +0000},
	Journal = {Journal of Mathematical Psychology},
	Number = {2},
	Pages = {233--247},
	Title = {Measurement Structures and Linear Inequalities},
	Volume = {1},
	Year = {1964}}

@article{Seidenfeld1986,
	Author = {Teddy {Seidenfeld}},
	Date-Added = {2015-09-17 14:52:25 +0000},
	Date-Modified = {2015-09-17 14:52:25 +0000},
	Journal = {Philosophy of Science},
	Number = {4},
	Pages = {467--491},
	Title = {Entropy and Uncertainty},
	Volume = {53},
	Year = {1986}}

@article{Seidenfeld2012,
	Author = {T {Seidenfeld} and M J {Schervish} and J B {Kadane}},
	Date-Added = {2015-09-17 14:52:25 +0000},
	Date-Modified = {2015-09-17 14:52:25 +0000},
	Journal = {International Journal of Approximate Reasoning},
	Pages = {1248--1261},
	Title = {{Forecasting with imprecise probabilities}},
	Volume = {53},
	Year = {2012}}

@article{Shore1980,
	Author = {Shore, J and Johnson, R},
	Date-Added = {2015-09-17 14:52:25 +0000},
	Date-Modified = {2015-09-17 14:52:25 +0000},
	Journal = {IEEE Transactions on Information Theory},
	Number = {1},
	Pages = {26--37},
	Title = {{Axiomatic derivation of the principle of maximum entropy and the principle of minimum cross-entropy}},
	Volume = {26},
	Year = {1980}}

@book{Singer1975,
	Address = {New York},
	Author = {Peter {Singer}},
	Date-Added = {2015-09-17 14:52:25 +0000},
	Date-Modified = {2015-09-17 14:52:25 +0000},
	Publisher = {A New York Review Book},
	Title = {Animal Liberation},
	Year = {1975}}

@incollection{Singer1985,
	Address = {New York},
	Author = {Peter {Singer}},
	Booktitle = {In Defense of Animals},
	Date-Added = {2015-09-17 14:52:25 +0000},
	Date-Modified = {2015-09-17 14:52:25 +0000},
	Editor = {Peter {Singer}},
	Pages = {1--10},
	Publisher = {Basil Blackwell},
	Title = {Ethics and the New Animal Liberation Movement},
	Year = {1985}}

@article{Skyrms1977,
	Author = {Brian {Skyrms}},
	Date-Added = {2015-09-17 14:52:25 +0000},
	Date-Modified = {2015-09-17 14:52:25 +0000},
	Journal = {The Journal of Philosophy},
	Number = {11},
	Pages = {704--713},
	Title = {Resiliency, Propensities, and Causal Necessity},
	Volume = {74},
	Year = {1977}}

@book{Smith1994,
	Address = {Oxford},
	Author = {Smith, M},
	Date-Added = {2015-09-17 14:52:25 +0000},
	Date-Modified = {2015-09-17 14:52:25 +0000},
	Publisher = {Blackwell},
	Title = {The Moral Problem},
	Year = {1994}}

@article{Sobel2001,
	Author = {Sobel, David and Copp, David},
	Date-Added = {2015-09-17 14:52:25 +0000},
	Date-Modified = {2015-09-17 14:52:25 +0000},
	Journal = {Analysis},
	Number = {269},
	Pages = {44--53},
	Title = {Against Direction of Fit Accounts of Belief and Desire},
	Volume = {61},
	Year = {2001}}

@article{Sosa1999,
	Author = {Ernest {Sosa}},
	Date-Added = {2015-09-17 14:52:25 +0000},
	Date-Modified = {2015-09-17 14:52:25 +0000},
	Journal = {Philosophical Topics},
	Number = {26},
	Pages = {373--384},
	Title = {How Must Knowledge be Modally Related to What is Known?},
	Year = {1999}}

@book{Sosa2007,
	Address = {Oxford},
	Author = {Ernest {Sosa}},
	Date-Added = {2015-09-17 14:52:25 +0000},
	Date-Modified = {2015-09-17 14:52:25 +0000},
	Publisher = {Oxford University Press},
	Title = {Apt Belief and Reflective Knowledge, Volume 1: A Virtue Epistemology},
	Year = {2007}}

@book{Sosa2007a,
	Address = {Oxford},
	Author = {Ernest {Sosa}},
	Date-Added = {2015-09-17 14:52:25 +0000},
	Date-Modified = {2015-09-17 14:52:25 +0000},
	Publisher = {Oxford University Press},
	Title = {Apt Belief and Reflective Knowledge, Volume 1: A Virtue Epistemology},
	Year = {2007}}

@book{Sosa2007b,
	Address = {Oxford},
	Author = {Ernest {Sosa}},
	Date-Added = {2015-09-17 14:52:25 +0000},
	Date-Modified = {2015-09-17 14:52:25 +0000},
	Publisher = {Oxford University Press},
	Title = {A Virtue Epistemology: Apt Belief and Reflective Knowledge},
	Year = {2007}}

@article{Steel2003,
	Author = {Daniel {Steel}},
	Date-Added = {2015-09-17 14:52:25 +0000},
	Date-Modified = {2015-09-17 14:52:25 +0000},
	Journal = {Synthese},
	Pages = {213--227},
	Title = {A Bayesian way to make stopping rules matter},
	Volume = {58},
	Year = {2003}}

@article{Steele2012,
	Author = {Katie {Steele}},
	Date-Added = {2015-09-17 14:52:25 +0000},
	Date-Modified = {2015-09-17 14:52:25 +0000},
	Journal = {Erkenntnis},
	Title = {Persistent Experimenters, Stopping Rules, and Statistical Inference},
	Year = {2012}}

@incollection{Suppes1966,
	Author = {Patrick {Suppes}},
	Booktitle = {Aspects of Inductive Logic},
	Date-Added = {2015-09-17 14:52:25 +0000},
	Date-Modified = {2015-09-17 14:52:25 +0000},
	Editor = {J. {Hintikka}, P. {Suppes}},
	Pages = {198--207},
	Publisher = {North Holland Pub. Co.},
	Title = {A Bayesian Approach to the Paradoxes of Confirmation},
	Year = {1966}}

@article{Swanson2006,
	Author = {Swanson, Eric},
	Date-Added = {2015-09-17 14:52:25 +0000},
	Date-Modified = {2015-09-17 14:52:25 +0000},
	Journal = {PhD Diss.},
	Pages = {1--119},
	Title = {{Interactions With Context}},
	Year = {2006}}

@book{vanFraassen1989,
	Address = {Oxford},
	Author = {Bas {van Fraassen}},
	Date-Added = {2015-09-17 14:52:25 +0000},
	Date-Modified = {2015-09-17 14:52:25 +0000},
	Publisher = {Clarendon Press},
	Title = {Laws and Symmetry},
	Year = {1989}}

@article{VanFraassen2006,
	Author = {Van Fraassen, Bas C},
	Date-Added = {2015-09-17 14:52:25 +0000},
	Date-Modified = {2015-09-17 14:52:25 +0000},
	Journal = {Philosophical Studies},
	Number = {3},
	Pages = {483--491},
	Title = {{Vague Expectation Value Loss}},
	Volume = {127},
	Year = {2006}}

@article{Velleman1991,
	Author = {David {Velleman}},
	Date-Added = {2015-09-17 14:52:25 +0000},
	Date-Modified = {2015-09-17 14:52:25 +0000},
	Journal = {Pacific Philosophical Quarterly},
	Number = {1},
	Pages = {48--77},
	Title = {Well-Being and Time},
	Volume = {72},
	Year = {1991}}

@book{Venn1866,
	Address = {London},
	Author = {John {Venn}},
	Date-Added = {2015-09-17 14:52:25 +0000},
	Date-Modified = {2015-09-17 14:52:25 +0000},
	Publisher = {Macmillan},
	Title = {The Logic of Chance},
	Year = {1866}}

@book{Walley1991,
	Address = {New York},
	Author = {Peter {Walley}},
	Date-Added = {2015-09-17 14:52:25 +0000},
	Date-Modified = {2015-09-17 14:52:25 +0000},
	Publisher = {Chapman and Hall},
	Title = {Statistical Reasoning with Imprecise Probabilities},
	Year = 1991}

@article{Walley1996a,
	Author = {Peter {Walley}},
	Date-Added = {2015-09-17 14:52:25 +0000},
	Date-Modified = {2015-09-17 14:52:25 +0000},
	Journal = {Journal of the Royal Statistical Society. Series B (Methodological)},
	Number = {1},
	Pages = {3--57},
	Title = {Inferences from multinomial data: learning about a bag of marbles},
	Volume = {58},
	Year = {1996}}

@article{Wheeler2014a,
	Author = {Conor {Mayo-Wilson} and Gregory {Wheeler}},
	Date-Added = {2015-09-17 14:52:25 +0000},
	Date-Modified = {2015-09-17 14:52:25 +0000},
	Journal = {Ms.},
	Title = {Accuracy and Imprecision: A mildly immodest proposal},
	Year = {2014}}

@article{Wheeler2014b,
	Author = {Conor {Mayo-Wilson} and Gregory {Wheeler}},
	Date-Added = {2015-09-17 14:52:25 +0000},
	Date-Modified = {2015-09-17 14:52:25 +0000},
	Journal = {Ms.},
	Title = {Accuracy without Purity},
	Year = {2014}}

@article{White2010,
	Author = {Roger {White}},
	Date-Added = {2015-09-17 14:52:25 +0000},
	Date-Modified = {2015-09-17 14:52:25 +0000},
	Journal = {Oxford Studies in Epistemology},
	Pages = {161--186},
	Title = {Evidential Symmetry and Mushy Credence},
	Volume = {3},
	Year = {2010}}

@book{Williamson2000,
	Address = {Oxford},
	Author = {Timothy {Williamson}},
	Date-Added = {2015-09-17 14:52:25 +0000},
	Date-Modified = {2015-09-17 14:52:25 +0000},
	Publisher = {Oxford University Press},
	Title = {Knowledge and Its Limits},
	Year = {2000}}

@incollection{Williamson2007,
	Address = {London},
	Author = {Jon {Williamson}},
	Booktitle = {Probability and Inference: Essays in Honor of Henry E. Kyburg Jr.},
	Date-Added = {2015-09-17 14:52:25 +0000},
	Date-Modified = {2015-09-17 14:52:25 +0000},
	Editor = {William {Harper} and Gregory {Wheeler}},
	Publisher = {College Publications},
	Title = {Motivating objective Bayesianism: from empirical constraints to objective probabilities},
	Year = {2007}}

@book{Williamson2010,
	Author = {Jon {Williamson}},
	Date-Added = {2015-09-17 14:52:25 +0000},
	Date-Modified = {2015-09-17 14:52:25 +0000},
	Publisher = {Oxford University Press},
	Title = {In Defence of Objective Bayesianism},
	Year = {2010}}

@book{Woodward2003,
	Address = {Oxford},
	Author = {James {Woodward}},
	Date-Added = {2015-09-17 14:52:25 +0000},
	Date-Modified = {2015-09-17 14:52:25 +0000},
	Publisher = {Oxford University Press},
	Title = {Making Things Happen: A Theory of Causal Explanation},
	Year = {2003}}

@article{Yalcin2007,
	Author = {Yalcin, S},
	Date-Added = {2015-09-17 14:52:25 +0000},
	Date-Modified = {2015-09-17 14:52:25 +0000},
	Journal = {Mind},
	Number = {464},
	Pages = {983--1026},
	Title = {{Epistemic Modals}},
	Volume = {116},
	Year = {2007}}

@article{Zabell1989,
	Author = {Sandy {Zabell}},
	Date-Added = {2015-09-17 14:52:25 +0000},
	Date-Modified = {2015-09-17 14:52:25 +0000},
	Journal = {Erkenntnis},
	Pages = {283--321},
	Title = {The Rule of Succession},
	Volume = {31},
	Year = {1989}}

@book{Zagzebski1996,
	Address = {Cambridge},
	Author = {Linda {Zagzebski}},
	Date-Added = {2015-09-17 14:52:25 +0000},
	Date-Modified = {2015-09-17 14:52:25 +0000},
	Publisher = {Cambridge University Press},
	Title = {Virtues of the Mind},
	Year = {1996}}

@article{Carr2015,
	Author = {Jennifer {Carr}},
	Date-Added = {2015-09-17 14:51:44 +0000},
	Date-Modified = {2015-09-17 14:51:44 +0000},
	Journal = {Ms.},
	Title = {Epistemic Utility Theory and the Aim of Belief},
	Year = {2015}}

@incollection{Lewis1986,
	Address = {Oxford},
	Author = {David Lewis},
	Booktitle = {Philosophical Papers: Volume II},
	Date-Added = {2015-09-17 14:51:44 +0000},
	Date-Modified = {2015-09-17 14:51:44 +0000},
	Publisher = {Oxford University Press.},
	Title = {Postscripts to `{C}ausation'},
	Year = {1986}}

@incollection{Kemeny1962,
	Address = {New York},
	Author = {J. G. {Kemeny} and J. L. {Snell}},
	Booktitle = {Mathematical models in the social sciences},
	Date-Added = {2015-07-29 15:56:56 +0000},
	Date-Modified = {2015-07-29 16:01:20 +0000},
	Pages = {9--23},
	Publisher = {Blaisdell},
	Title = {Preference rankings: An axiomatic approach},
	Year = {1962}}

@article{Wheeler2015,
	Author = {Conor {Mayo-Wilson} and Gregory {Wheeler}},
	Date-Added = {2014-11-10 11:20:17 +0000},
	Date-Modified = {2015-08-01 12:57:04 +0000},
	Journal = {Philosophy and Phenomenological Research},
	Title = {Accuracy and Imprecision: A mildly immodest proposal},
	Year = {2015}}

@article{Schoenfield2015,
	Author = {Miriam {Schoenfield}},
	Date-Added = {2014-11-10 10:58:23 +0000},
	Date-Modified = {2015-08-01 12:56:35 +0000},
	Journal = {Nous},
	Title = {The Accuracy and Rationality of Imprecise Credences},
	Year = {2015}}
