@article{alchourron1985logic,
  title={On the logic of theory change: Partial meet contraction and revision functions},
  author={Alchourr{\'o}n, Carlos E and G{\"a}rdenfors, Peter and Makinson, David},
  journal={The journal of symbolic logic},
  volume={50},
  number={2},
  pages={510--530},
  year={1985},
  publisher={Cambridge University Press}
}

@article{arlo2006contraction,
  title={Contraction: On the decision-theoretical origins of minimal change and entrenchment},
  author={Arl{\'o}-Costa, Horacio and Levi, Isaac},
  journal={Synthese},
  volume={152},
  number={1},
  pages={129--154},
  year={2006},
  publisher={Springer}
}

@article{arlo2012belief,
  title={Belief and probability: A general theory of probability cores},
  author={Arl{\'o}-Costa, Horacio and Pedersen, Arthur Paul},
  journal={International Journal of Approximate Reasoning},
  volume={53},
  number={3},
  pages={293--315},
  year={2012},
  publisher={Elsevier}
}


@article{boutilier1996iterated,
  title={Iterated revision and minimal change of conditional beliefs},
  author={Boutilier, Craig},
  journal={Journal of Philosophical Logic},
  volume={25},
  number={3},
  pages={263--305},
  year={1996},
  publisher={Springer}
}


@article{brewka2008nonmonotonic,
  title={Nonmonotonic reasoning},
  author={Brewka, Gerhard and Niemel{\"a}, Ilkka and Truszczy{\'n}ski, Miros{\l}aw},
  journal={Foundations of Artificial Intelligence},
  volume={3},
  pages={239--284},
  year={2008},
  publisher={Elsevier}
}

@article{darwiche1997logic,
  title={On the logic of iterated belief revision},
  author={Darwiche, Adnan and Pearl, Judea},
  journal={Artificial intelligence},
  volume={89},
  number={1-2},
  pages={1--29},
  year={1997},
  publisher={Elsevier}
}

@article{gardenfors1984epistemic,
  title={Epistemic importance and minimal changes of belief},
  author={G{\"a}rdenfors, Peter},
  journal={Australasian Journal of Philosophy},
  volume={62},
  number={2},
  pages={136--157},
  year={1984},
  publisher={Taylor \& Francis Group}
}


@book{gardenfors1988knowledge,
  title={Knowledge in flux: Modeling the dynamics of epistemic states.},
  author={G{\"a}rdenfors, Peter},
  year={1988},
  publisher={The MIT press}
}


@inproceedings{gardenfors1988revisions,
  title={Revisions of knowledge systems using epistemic entrenchment},
  author={G{\"a}rdenfors, Peter and Makinson, David},
  booktitle={Proceedings of the 2nd conference on Theoretical aspects of reasoning about knowledge},
  pages={83--95},
  year={1988},
  organization={Morgan Kaufmann Publishers Inc.}
}


@article{gillies2004epistemic,
  title={Epistemic conditionals and conditional epistemics},
  author={Gillies, Anthony S},
  journal={No{\^u}s},
  volume={38},
  number={4},
  pages={585--616},
  year={2004},
  publisher={Wiley Online Library}
}


@article{ginsberg1986counterfactuals,
  title={Counterfactuals},
  author={Ginsberg, Matthew L},
  journal={Artificial intelligence},
  volume={30},
  number={1},
  pages={35--79},
  year={1986},
  publisher={Elsevier}
}

@article{grove1988two,
  title={Two modellings for theory change},
  author={Grove, Adam},
  journal={Journal of philosophical logic},
  volume={17},
  number={2},
  pages={157--170},
  year={1988},
  publisher={Springer}
}

@incollection{hansson1994taking,
  title={Taking belief bases seriously},
  author={Hansson, Sven Ove},
  booktitle={Logic and philosophy of science in Uppsala},
  pages={13--28},
  year={1994},
  publisher={Springer}
}

@book{hansson1999textbook,
  title={A textbook of belief dynamics},
  author={Hansson, Sven Ove},
  volume={11},
  year={1999},
  publisher={Springer Science \& Business Media}
}

@article{hansson2003ten,
  title={Ten philosophical problems in belief revision},
  author={Hansson, Sven Ove},
  journal={Journal of logic and computation},
  volume={13},
  number={1},
  pages={37--49},
  year={2003},
  publisher={OUP}
}

@InCollection{sep-logic-belief-revision,
	author       =	{Hansson, Sven Ove},
	title        =	{Logic of Belief Revision},
	booktitle    =	{The Stanford Encyclopedia of Philosophy},
	editor       =	{Edward N. Zalta},
	howpublished =	{\url{https://plato.stanford.edu/archives/win2017/entries/logic-belief-revision/}},
	year         =	{2017},
	edition      =	{Winter 2017},
	publisher    =	{Metaphysics Research Lab, Stanford University}
}

@article{harper1975rational,
  title={Rational belief change, popper functions and counterfactuals},
  author={Harper, William L},
  journal={Synthese},
  volume={30},
  number={1-2},
  pages={221--262},
  year={1975},
  publisher={Springer}
}

@inproceedings{harper1976rational,
  title={Rational conceptual change},
  author={Harper, William L},
  booktitle={psa: Proceedings of the Biennial Meeting of the Philosophy of Science Association},
  volume={1976},
  number={2},
  pages={462--494},
  year={1976},
  organization={Philosophy of Science Association}
}


@article{huber2013belief-i,
  title={Belief revision I: the AGM theory},
  author={Huber, Franz},
  journal={Philosophy Compass},
  volume={8},
  number={7},
  pages={604--612},
  year={2013},
  publisher={Wiley Online Library}
}

@article{huber2013belief-ii,
  title={Belief revision II: ranking theory},
  author={Huber, Franz},
  journal={Philosophy Compass},
  volume={8},
  number={7},
  pages={613--621},
  year={2013},
  publisher={Wiley Online Library}
}

@incollection{jeffrey1970dracula,
  title={Dracula meets wolfman: Acceptance vs. partial belief},
  author={Jeffrey, Richard C},
  booktitle={Induction, acceptance and rational belief},
  pages={157--185},
  year={1970},
  publisher={Springer}
}

@article{jin2007iterated,
  title={Iterated belief revision, revised},
  author={Jin, Yi and Thielscher, Michael},
  journal={Artificial Intelligence},
  volume={171},
  number={1},
  pages={1--18},
  year={2007},
  publisher={Elsevier}
}

@article{katsuno2003difference,
  title={On the Difference between Updating a Knowledge Base and Revising it1},
  author={Katsuno, Hirofumi and Mendelzon, Alberto O},
  journal={Belief revision},
  volume={29},
  pages={183},
  year={2003},
  publisher={Cambridge University Press}
}

@article{schulte1999means,
  title={Means-ends epistemology},
  author={Schulte, Oliver},
  journal={The British Journal for the Philosophy of Science},
  volume={50},
  number={1},
  pages={1--31},
  year={1999},
  publisher={Oxford University Press}
}

@article{kelly1999iterated,
  title={Iterated belief revision, reliability, and inductive amnesia},
  author={Kelly, Kevin T},
  journal={Erkenntnis},
  volume={50},
  number={1},
  pages={7--53},
  year={1999},
  publisher={Springer}
}

@article{kelly2004justification,
  title={Justification as truth-finding efficiency: how Ockham's Razor works},
  author={Kelly, Kevin T},
  journal={Minds and Machines},
  volume={14},
  number={4},
  pages={485--505},
  year={2004},
  publisher={Springer}
}

@incollection{kelly2007simplicity,
  title={How simplicity helps you find the truth without pointing at it},
  author={Kelly, Kevin T},
  booktitle={Induction, algorithmic learning theory, and philosophy},
  pages={111--143},
  year={2007},
  publisher={Springer}
}

@incollection{kelly2008ockham,
  title={Ockham's Razor, Truth, and Information},
  author={Kelly, Kevin T},
  booktitle={Philosophy of Information},
  pages={321--360},
  year={2008},
  publisher={Elsevier}
}



@incollection{kelly2011simplicity,
  title={Simplicity, truth, and probability},
  author={Kelly, Kevin T},
  booktitle={Philosophy of Statistics},
  pages={983--1024},
  year={2011},
  publisher={Elsevier}
}

@article{kelly2016realism,
  title={Realism, rhetoric, and reliability},
  author={Kelly, Kevin T and Genin, Konstantin and Lin, Hanti},
  journal={Synthese},
  volume={193},
  number={4},
  pages={1191--1223},
  year={2016},
  publisher={Springer}
}

@article{kraus1990nonmonotonic,
  title={Nonmonotonic reasoning, preferential models and cumulative logics},
  author={Kraus, Sarit and Lehmann, Daniel and Magidor, Menachem},
  journal={Artificial intelligence},
  volume={44},
  number={1-2},
  pages={167--207},
  year={1990},
  publisher={Elsevier}
}

@article{leitgeb2013reducing,
  title={Reducing belief simpliciter to degrees of belief},
  author={Leitgeb, Hannes},
  journal={Annals of Pure and Applied Logic},
  volume={164},
  number={12},
  pages={1338--1389},
  year={2013},
  publisher={Elsevier}
}

@article{leitgeb2014stability,
  title={The Stability Theory of BeliefThe Stability Theory of BeliefHannes Leitgeb},
  author={Leitgeb, Hannes},
  journal={The Philosophical Review},
  volume={123},
  number={2},
  pages={131--171},
  year={2014},
  publisher={Duke University Press}
}

@incollection{levi1978subjunctives,
  title={Subjunctives, dispositions and chances},
  author={Levi, Isaac},
  booktitle={Dispositions},
  pages={303--335},
  year={1978},
  publisher={Springer}
}

@book{levi1983enterprise,
  title={The enterprise of knowledge: An essay on knowledge, credal probability, and chance},
  author={Levi, Isaac},
  year={1983},
  publisher={MIT press}
}

@book{levi1991fixation,
  title={The fixation of belief and its undoing: changing beliefs through inquiry},
  author={Levi, Isaac},
  year={1991},
  publisher={Cambridge University Press}
}

@article{lin2012propositional,
  title={Propositional reasoning that tracks probabilistic reasoning},
  author={Lin, Hanti and Kevin T. Kelly},
  journal={Journal of philosophical logic},
  volume={41},
  number={6},
  pages={957--981},
  year={2012},
  publisher={Springer}
}

@article{luo2006mind,
  title={Mind change efficient learning},
  author={Luo, Wei and Schulte, Oliver},
  journal={Information and Computation},
  volume={204},
  number={6},
  pages={989--1011},
  year={2006},
  publisher={Elsevier}
}

@inproceedings{makinson1988general,
  title={General theory of cumulative inference},
  author={Makinson, David},
  booktitle={International Workshop on Non-Monotonic Reasoning},
  pages={1--18},
  year={1988},
  organization={Springer}
}

@incollection{makinson1991relations,
  title={Relations between the logic of theory change and nonmonotonic logic},
  author={Makinson, David and G{\"a}rdenfors, Peter},
  booktitle={The logic of theory change},
  pages={183--205},
  year={1991},
  publisher={Springer}
}

@article{nayak1994iterated,
  title={Iterated belief change based on epistemic entrenchment},
  author={Nayak, Abhaya C},
  journal={Erkenntnis},
  volume={41},
  number={3},
  pages={353--390},
  year={1994},
  publisher={Springer}
}

@book{nute2012defeasible,
  title={Defeasible deontic logic},
  author={Nute, Donald},
  volume={263},
  year={2012},
  publisher={Springer Science \& Business Media}
}

@book{quine1982methods,
  title={Methods of logic},
  author={Quine, Willard Van Orman},
  year={1982},
  publisher={Harvard University Press}
}

@article{reiter1980logic,
  title={A logic for default reasoning},
  author={Reiter, Raymond},
  journal={Artificial intelligence},
  volume={13},
  number={1-2},
  pages={81--132},
  year={1980},
  publisher={Elsevier}
}

@incollection{rodrigues2011belief,
  title={Belief revision},
  author={Rodrigues, Odinaldo and Gabbay, Dov and Russo, Alessandra},
  booktitle={Handbook of philosophical logic},
  pages={1--114},
  year={2011},
  publisher={Springer}
}

@article{rott1993belief,
  title={Belief contraction in the context of the general theory of rational choice},
  author={Rott, Hans},
  journal={The Journal of Symbolic Logic},
  volume={58},
  number={4},
  pages={1426--1450},
  year={1993},
  publisher={Cambridge University Press}
}

@article{rott2000two,
  title={Two dogmas of belief revision},
  author={Rott, Hans},
  journal={The Journal of Philosophy},
  volume={97},
  number={9},
  pages={503--522},
  year={2000}
}

@book{rott2001change,
  title={Change, choice and inference: A study of belief revision and nonmonotonic reasoning},
  author={Rott, Hans},
  number={42},
  year={2001},
  publisher={Clarendon Press}
}

@inproceedings{shoham1987semantical,
  title={A semantical approach to nonmonotonic logics},
  author={Shoham, Yoav},
  booktitle={Readings in nonmonotonic reasoning},
  pages={227--250},
  year={1987},
  organization={Morgan Kaufmann Publishers Inc.}
}

@incollection{spohn1988ordinal,
  title={Ordinal conditional functions: A dynamic theory of epistemic states},
  author={Spohn, Wolfgang},
  booktitle={Causation in decision, belief change, and statistics},
  pages={105--134},
  year={1988},
  publisher={Springer}
}

@article{stalnaker1994nonmonotonic,
  title={What is a nonmonotonic consequence relation?},
  author={Stalnaker, Robert},
  journal={Fundamenta Informaticae},
  volume={21},
  number={1, 2},
  pages={7--21},
  year={1994},
  publisher={IOS Press}
}

@article{stalnaker2009iterated,
  title={Iterated belief revision},
  author={Stalnaker, Robert},
  journal={Erkenntnis},
  volume={70},
  number={2},
  pages={189--209},
  year={2009},
  publisher={Springer}
}

@article{wald1950statistical,
  title={Statistical decision functions.},
  author={Wald, Abraham},
  year={1950},
  publisher={Wiley}
}

@book{levi2004mild,
  title={Mild contraction: Evaluating loss of information due to loss of belief},
  author={Levi, Isaac},
  year={2004},
  publisher={Oxford University Press on Demand}
}

@article{genin2015theory,
  title={Theory choice, theory change, and inductive truth-conduciveness},
  author={Genin, Konstantin and Kelly, Kevin T},
  journal={Studia Logica},
  year={forthcoming},
  publisher={Springer}
}

@article{booth2017irreducibility,
  title={The irreducibility of iterated to single revision},
  author={Booth, Richard and Chandler, Jake},
  journal={Journal of Philosophical Logic},
  volume={46},
  number={4},
  pages={405--418},
  year={2017},
  publisher={Springer}
}

@article{lange2002okasha,
  title={Okasha on inductive scepticism},
  author={Lange, Marc},
  journal={The Philosophical Quarterly},
  volume={52},
  number={207},
  pages={226--232},
  year={2002},
  publisher={Blackwell Publishers Ltd Oxford, UK and Boston, USA}
}

@article{gold1967language,
  title={Language identification in the limit},
  author={Gold, E Mark},
  journal={Information and control},
  volume={10},
  number={5},
  pages={447--474},
  year={1967},
  publisher={Elsevier}
}

@article{putnam1965trial,
  title={Trial and error predicates and the solution to a problem of Mostowski},
  author={Putnam, Hilary},
  journal={The Journal of Symbolic Logic},
  volume={30},
  number={1},
  pages={49--57},
  year={1965},
  publisher={Cambridge University Press}
}

@book{kelly1996logic,
  title={The logic of reliable inquiry},
  author={Kelly, Kevin T},
  year={1996},
  publisher={OUP USA}
}

@article{baltag2016solvability,
  title={On the solvability of inductive problems: A study in epistemic topology},
  author={Baltag, Alexandru and Gierasimczuk, Nina and Smets, Sonja},
  journal={arXiv preprint arXiv:1606.07518, presented at the 2015 TARK},
  year={2016}
}