

@incollection{arrowhurwicz1972,
author="K. J. Arrow and L. Hurwicz",
title="An optimality criterion for decision making under ignorance",
year="1972",
booktitle="Uncertainty and Expectations in Economics: Essays in Honour of G.L.S. Shackle",
publisher="Basil Blackwell",
editor="C. F. Carter and J. L. Ford",
address="Oxford"
}

@book{bradleyMS,
author = {Richard Bradley},
title="Decision Theory with a Human Face",
year = {2017},
publisher = "Cambridge University Press"
}

@article{bradley2009,
author = {Richard Bradley},
title="Revising Incomplete Attitudes",
year="2009",
journal="Synthese",
volume="171",
number="2",
pages={235--256}
}

@article{bradleysteele2014a,
author="S. Bradley and K. Steele",
title="Should Subjective Probabilities be Sharp{?}",
journal="Episteme",
year="2014",
volume="11",
number="3",
pages={277--289},
}

@article{bradleysteele2014b,
author="S. Bradley and K. Steele",
title="Uncertainty, Learning and the 'Problem' of Dilation",
journal="Erkenntnis",
year="2014",
volume="79",
number="6",
pages={1287--1303},
}

@article{bratman2012,
author="M. Bratman",
year="2012",
title="Time, Rationality and Self-Governance",
journal="Philosophical Issues",
volume="22",
number="1",
pages={73--88}
}

@article{brier1950,
author="G. W. Brier",
year="1950",
title="Verification of forecasts expressed in terms of probability",
journal="Monthly weather review",
volume="78",
number={1},
pages={1--3}
}

@article{chandler2014,
author="J. Chandler",
year="2014",
title="Subjective Probabilities Need not be Sharp",
journal="Erkenntnis",
volume="79",
number="6",
pages={1273--1286}
}

@article{dempster1968,
author="A. Dempster",
year="1968",
title="A Generalization of Bayesian Inference",
journal="Journal of the Royal Statistical Society",
volume="30",
number={2},
pages="205–247"
}

@article{dempster1967,
author="A. Dempster",
year="1967",
title="Upper and lower probabilities induced by a multivalued mapping",
journal="Annals of Mathematical Statistics",
volume="38",
number={2},
pages={325--39}
}

@article{dodd2013,
author="D. Dodd",
year="2013",
title="Roger White's Argument against Imprecise Credences",
journal="The British Journal for the Philosophy of Science",
volume="64",
number="1",
pages={69--77}
}

@misc{elga2012,
author="A. Elga",
year="2012",
title="Errata for Subjective probabilities should be sharp",
}

@article{elga2010,
author="A. Elga",
year="2010",
title="Subjective Probabilities Should be Sharp",
journal="Philosophers' Imprint",
volume="10",
number="5",
pages={1--11}
}

@article{ellsberg1961,
author="D. Ellsberg",
year="1961", 
title="Risk, Ambiguity, and the Savage Axioms",
journal="The Quarterly Journal of Economics",
volume="75",
number="4",
pages={643--669}
}

@article{gardenforssahlin1982,
author="P. Gärdenfors and N. E. Sahlin",
year="1982",
title="Unreliable probabilities, risk taking and decision making",
journal="Synthese",
volume="53",
number={3},
pages={361--386}
}

@book{gauthier1986,
author="D. Gauthier", 
year="1986",
title="Morals by Agreement",
address="Oxford",
publisher="Clarendon Press"
}

@article{gilboaschmeidler1989,
author="I. Gilboa and D. Schmeidler",
year="1989",
title="Maxmin Expected Utility with Non-Unique Prior",
journal="Journal of Mathematical Economics",
volume="18",
number={2},
pages={141--153}
}

@article{greaveswallace2006,
author = {Hilary Greaves and David Wallace},
year = {2006},
journal = {Mind},
publisher = {Oxford University Press},
number = {459},
volume = {115},
title = {Justifying Conditionalization: Conditionalization Maximizes Expected Epistemic Utility},
pages = {607--632}
}

@book{halpern2003,
author="J. Y. Halpern",
year="2003",
title="Reasoning about uncertainty",
address="Cambridge",
publisher="MIT Press"
}

@article{hammond1988,
author="P. Hammond",
year="1988",
title="Orderly Decision Theory",
journal="Economics and Philosophy",
volume="4",
number={2},
pages="292–297"
}

@incollection{jeffrey1983,
author="R. Jeffrey",
year="1983",
title="Bayesianism With a Human Face",
booktitle="Testing Scientific Theories",
editor="John Earman",
publisher="University of Minnesota Press",
Pages={133--156},
}

@book{jeffrey1965,
author="R. Jeffrey",
year="1965",
title="The Logic of Decision",
address="Chicago",
publisher="University of Chicago Press"
}

@article{joyce1998,
author={James M. Joyce},
year="1998",
title="A Nonpragmatic Vindication of Probabilism",
journal="Philosophy of Science",
volume="65",
number="4",
pages="575–603"
}

@article{Joyce2010,
	number = {1},
	author = {James M. Joyce},
	year = {2010},
	pages = {281--323},
	volume = {24},
	journal = {Philosophical Perspectives},
	title = {A Defense of Imprecise Credences in Inference and Decision Making}
}


@article{joyce2005,
author={James M. Joyce},
year="2005",
title="How Probabilities Reflect Evidence",
journal="Philosophical Perspectives",
volume="19",
number={1},
pages={153--178},
}

@book{kaplan1996,
author="M. Kaplan",
year="1996",
title="Decision Theory As Philosophy",
address="Cambridge",
publisher="Cambridge University Press"
}

@book{keynes1921,
author="J. M. Keynes",
year="1921",
title="Treatise on Probability",
address="London",
publisher="Macmillan",
}

@book{kyburg1983,
author="H. Kyburg",
year="1983",
title="Epistemology and Inference",
address="Minneapolis",
publisher="University of Minnesota Press"
}

@article{levi1974,
author="I. Levi",
year="1974",
title="On Indeterminate Probabilities",
journal="Journal of Philosophy",
volume="71",
number={13},
pages={391--418}
}

@incollection{Lewis1980,
	booktitle = {Studies in Inductive Logic and Probability},
	editor = {Richard C. Jeffrey},
	title = {A Subjectivist's Guide to Objective Chance},
	pages = {83--132},
	author = {David Lewis},
	publisher = {University of California Press},
	year = {1980}
}

@article{mahtaniMS,
author="A. Mahtani",
title="Imprecise Probabilities and Unstable Betting Behaviour",
journal="No\^{u}s",
volume={52},
number={1},
year={2018},
pages={69--87}
}

@article{mayowilsonwheeler2016,
author={C. Mayo{-}Wilson and G. Wheeler},
title={Scoring Imprecise Credences: A Mildly Immodest Proposal},
year="2016",
journal="Philosophy and Phenomenological Research",
volume="92",
number="1",
pages={55--78}
}

@book{mcclenen1990,
author="F. McClenen",
year="1990",
title="Rationality and Dynamic Choice: Foundational Explorations",
publisher="Cambridge University Press"
}

@article{moss2014,
author="S. Moss",
year="2014",
title="Credal Dilemmas",
journal={No\^{u}s},
volume="49",
number="4",
year={2015},
pages={665--683}
}

@article{pedersonwheeler2014,
author="A. Pederson and G. Wheeler",
year="2014",
title="Demystifying Dilation",
journal="Erkenntnis",
volume="79",
number="6",
pages={1305--1342}
}

@article{pettigrew2013,
author="R. Pettigrew",
year="2013",
title="A New Epistemic Utility Argument for the Principal Principle",
journal="Episteme",
volume="10",
number="1",
pages={19--35}
}

@article{rinard2015,
author={Susanna Rinard},
year="2015",
title="A Decision Theory for Imprecise Probabilities",
journal="Philosophers' Imprint",
volume="15",
number="7",
year={2015},
pages={1--16}
}

@article {rinard2013,
	title = {Against Radical Credal Imprecision},
	journal = {Thought},
	volume = {2},
	number = {1},
	year = {2013},
	pages = {157--165},
	author = {Susanna Rinard}
}

@article{sahlinweirich2012,
	author="N. E. Sahlin and P. Weirich",
	year="2014",
	title="Unsharp sharpness",
	journal={Theoria},
	volume={80},
	number={1},
	pages={100--103}
}

@article{satialave1973,
author="J. Satia and R. Lave",
year="1973",
title="Markovian decision processes with uncertain transition",
journal="Operations Research",
volume="21",
number="3", 
pages={728--740},
}

@book{savage1954,
author="L. Savage",
year="1954",
title="The Foundations of Statistics",
address="New York",
publisher="Wiley"
}

@article{schoenfield2015,
title = {The Accuracy and Rationality of Imprecise Credences},
number = {4},
volume = {51},
author = {Miriam Schoenfield},
year = {2017},
journal = {No\^us},
pages={667--685}
}

@article{seidenfeldschervishkadane2012,
title={Forecasting with imprecise probabilities},
author={Seidenfeld, Teddy and Schervish, Mark J. and Kadane, Joseph B.},
journal={International Journal of Approximate Reasoning},
volume={53},
number={8},
pages={1248--1261},
year={2012},
publisher={Elsevier}
}

@article{seidenfeldwasserman1993,
author="Teddy Seidenfeld and L. Wasserman",
year="1993",
title="Dilation for Sets of Probabilities",
journal="Annals of Statistics",
volume="21",
number={3},
pages={1139--54}
}

@book{shafer1976,
author="G. Shafer",
year="1976",
title="A Mathematical Theory of Evidence",
address="Princeton, NJ",
publisher="Princeton University Press",
}

@incollection{sturgeon2010,
author="S. Sturgeon",
year="2010",
title="Confidence and Coarse-Grained Attitudes",
booktitle="Oxford Studies in Epistemology",
editor="T. S. Gendler and J. Hawthorne", 
address="Oxford",
publisher="OUP"
}

@article{sturgeon2008,
author="S. Sturgeon",
year="2008",
title="Reason and the Grain of Belief",
journal={No\^{u}s},
volume="42",
number={1},
pages={139--165}
}

@article{troffaes2007,
author="M. Troffaes",
year="2007",
title="Decision Making under Uncertainty using Imprecise Probabilities",
journal="International Journal of Approximate Reasoning",
volume="45",
number={1},
pages={17--29}
}

@article{vallinderMS,
author = {Aron Vallinder},
title = {Imprecise Bayesianism and Global Belief Inertia},
journal = {The British Journal for the Philosophy of Science},
volume = {69},
number = {4},
year = {2018},
pages = {1205--1230}
}

@article{vanfraassen2006,
author="B. C. {van Fraassen}",
year="2006",
title="Vague Expectation Value Loss",
journal="Philosophical Studies",
volume="127",
number={3},
pages={483--491}
}

@incollection{vanfraassen1990,
author="B. C. {van Fraassen}",
year="1990",
title="Figures in a Probability Landscape",
booktitle="Truth or Consequence",
editor="M. Dunn and K. Segerberg", 
pages={345--56},
address="Amsterdam",
publisher="Kluwer"
}

@article{fraassen1984,
	pages = {235--256},
	journal = {Journal of Philosophy},
	number = {5},
	author = {B. C. {van Fraassen}},
	year = {1984},
	volume = {81},
	title = {Belief and the Will}
}

@article{Voorhoeve2016,
	Author = {Voorhoeve, Alex and Binmore, Ken and Stefansson, Arnaldur and Stewart, Lisa},
	Journal = {Theory and Decision},
	Number = {3},
	Pages = {313--337},
	Title = {Ambiguity attitudes, framing, and consistency},
	Volume = {81},
	Year = {2016}
}

@book{walley1991,
author="P. Walley",
year="1991",
title="Statistical Reasoning with Imprecise Probabilities",
publisher="Chapman \& Hall"
}

@online{weatherson1998,
author="B. Weatherson",
year="1998",
title="Decision Making with Imprecise Probabilities",
urldate = {2019-04-05},
url = {http://brian.weatherson.org/vdt.pdf}
}

@article{weatherson2003,
author="B. Weatherson",
year="2003",
title="From classical to intuitionistic probability",
journal="Notre Dame Journal of Formal Logic",
volume="44",
number="2",
pages={111--123}
}

@article{weisberg2015,
author="J. Weisberg",
year="2015",
title="You've come a long way, Bayesians",
journal="Journal of Philosophical Logic",
pages={1--18}
}

@incollection{White2009,
year = {2009},
editor = {T. Szabo Gendler and J. Hawthorne},
publisher = {Oxford University Press},
author = {Roger White},
booktitle = {Oxford Studies in Epistemology},
title = {Evidential Symmetry and Mushy Credence},
pages = {161--186}
}

@article{williams2014,
author="R. Williams",
year="2014",
title="Decision-Making Under Indeterminacy",
journal="Philosophers' Imprint",
volume="14",
number="4",
pages={1--34}
}

@book{yagerliu2008,
editor = "R. Yager and L. Liu",
year="2008",
title="Classic Works of the Dempster-Shafer Theory of Belief Functions",
series="Studies in Fuzziness and Soft Computing",
volume="219",
publisher="Springer",
}



















