@article{Lewis1981,
	Author = {Lewis, David},
	Date-Added = {2015-08-04 02:57:29 +0000},
	Date-Modified = {2015-08-04 02:58:20 +0000},
	Journal = {Australasian Journal of Philosophy},
	Pages = {5-30},
	Title = {Causal Decision Theory},
	Volume = {59},
	Number = {1},
	Year = {1981}}