%% This BibTeX bibliography file was created using BibDesk.
%% http://bibdesk.sourceforge.net/

%% Created for Jonathan Weisberg at 2019-02-28 13:05:37 -0500 


%% Saved with string encoding Unicode (UTF-8) 



@article{Strotz1956,
	Author = {R. H. Strotz},
	Date-Added = {2015-12-26 14:15:56 +0000},
	Date-Modified = {2015-12-26 14:19:06 +0000},
	Journal = {Review of Economic Studies},
	Number = {3},
	Pages = {165--180},
	Title = {Myopia and Inconsistency in Dynamic Utility Maximization},
	Volume = {23},
	Year = {1956}}

@article{Jackson1991,
	Author = {Frank Jackson},
	Date-Added = {2015-12-16 17:56:40 +0000},
	Date-Modified = {2015-12-16 17:58:11 +0000},
	Journal = {Ethics},
	Number = {3},
	Pages = {461--482},
	Title = {Decision-theoretic consequentialism and the nearest and dearest objection},
	Volume = {101},
	Year = {1991}}

@book{Lockhart2000,
	Author = {Ted Lockhart},
	Date-Added = {2015-12-16 17:54:18 +0000},
	Date-Modified = {2015-12-16 17:55:10 +0000},
	Publisher = {Oxford University Press},
	Title = {Moral Uncertainty and Its Consequences},
	Year = {2000}}

@article{Sepielli2013,
	Author = {Andrew Sepielli},
	Date-Added = {2015-12-16 17:52:42 +0000},
	Date-Modified = {2015-12-16 17:54:05 +0000},
	Journal = {Philosophy and Phenomenological Research},
	Number = {3},
	Pages = {580--589},
	Title = {Moral Uncertainty and the Principle of Equity among Moral Theories},
	Volume = {86},
	Year = {2013}}

@article{BreenGoldthorpe1997,
	Author = {Richard Breen and John Goldthorpe},
	Date-Added = {2015-12-16 17:26:22 +0000},
	Date-Modified = {2015-12-16 17:27:46 +0000},
	Journal = {Rationality and Society},
	Number = {3},
	Pages = {275--305},
	Title = {Explaining Educational Differentials: Towards a Formal Rational Action Theory},
	Volume = {9},
	Year = {1997}}

@book{EpsteinLandesPosner2013,
	Author = {Lee Epstein and William Landes and Richard Posner},
	Date-Added = {2015-12-16 17:13:58 +0000},
	Date-Modified = {2015-12-16 17:15:17 +0000},
	Publisher = {Harvard University Press},
	Title = {The Behavior of Federal Judges: A theoretical and Empirical Study of Rational Choice},
	Year = {2013}}

@article{Feddersen2004,
	Author = {Timothy Feddersen},
	Date-Added = {2015-12-16 17:02:42 +0000},
	Date-Modified = {2015-12-16 17:03:56 +0000},
	Journal = {The Journal of Economic Perspectives},
	Number = {1},
	Pages = {99--112},
	Title = {Rational Choice Theory and the Paradox of Not Voting},
	Volume = {18},
	Year = {2004}}

@book{Downs1957,
	Author = {Anthony Downs},
	Date-Added = {2015-12-16 17:00:24 +0000},
	Date-Modified = {2015-12-16 17:01:20 +0000},
	Publisher = {Harper},
	Title = {An Economic Theory of Democracy},
	Year = {1957}}

@article{EdlinGelmanKaplan2007,
	Author = {Aaron Edlin and Andrew Gelman and Kaplan, Noah},
	Date-Added = {2015-12-16 16:58:25 +0000},
	Date-Modified = {2015-12-16 17:00:21 +0000},
	Journal = {Rationality and Society},
	Number = {3},
	Pages = {293--314},
	Title = {Voting as a Rational Choice: Why and How People Vote To Improve the Well-Being of Others},
	Volume = {19},
	Year = {2007}}

@article{Pettigrew2011,
	URL = {http://plato.stanford.edu/archives/win2011/entries/epistemic-utility/},
	Author = {Richard Pettigrew},
	Journal = {The Stanford Encyclopedia of Philosophy},
	Date-Added = {2015-12-16 16:30:10 +0000},
	Date-Modified = {2019-02-28 13:05:37 -0500},
	Edition = {Winter 2011},
	Editor = {Zalta, Edward},
	Title = {Epistemic Utility Arguments for Probabilism},
	Year = {2011}}

@article{Akerlof1970,
	Author = {George Akerlof},
	Date-Added = {2015-12-16 16:05:51 +0000},
	Date-Modified = {2015-12-16 16:07:35 +0000},
	Journal = {Quarterly Journal of Economics},
	Number = {3},
	Pages = {488--500},
	Title = {The Market for `Lemons': Quality Uncertainty and the Market Mechanism},
	Volume = {84},
	Year = {1970}}

@article{EinavFinkelstein2011,
	Author = {Liran Einav and Amy Finkelstein},
	Date-Added = {2015-12-16 16:04:42 +0000},
	Date-Modified = {2015-12-16 16:05:46 +0000},
	Journal = {Journal of Economic Perspectives},
	Number = {1},
	Pages = {115--138},
	Title = {Selection in Insurance Markets: Theory and Empirics in Pictures},
	Volume = {25},
	Year = {2011}}

@article{LeeCummins2004,
	Author = {Michael Lee and Tarrant Cummins},
	Date-Added = {2015-12-15 19:41:00 +0000},
	Date-Modified = {2015-12-15 19:41:51 +0000},
	Journal = {Psychonomic Bulletin & Review},
	Number = {2},
	Pages = {343--352},
	Title = {Evidence accumulation in decision making: Unifying the "take the best" and the "rational" models},
	Volume = {11},
	Year = {2004}}

@article{Weitzman2009,
	Author = {Martin Weitzman},
	Date-Added = {2015-12-15 17:14:40 +0000},
	Date-Modified = {2015-12-25 15:26:19 +0000},
	Journal = {The Review of Economics and Statistics},
	Number = {1},
	Pages = {1--19},
	Title = {On Modeling and Interpreting the Economics of Catastrophic Climate Change},
	Volume = {91},
	Year = {2009}}

@article{Nordhaus2007,
	Author = {William Nordhaus},
	Date-Added = {2015-12-15 17:10:10 +0000},
	Date-Modified = {2015-12-15 17:12:25 +0000},
	Journal = {Journal of Economic Literature},
	Pages = {686--702},
	Title = {A Review of the Stern Review on the Economics of Global Warming},
	Volume = {155},
	Year = {2007}}

@article{Broome1994,
	Author = {John Broome},
	Date-Added = {2015-12-15 17:09:07 +0000},
	Date-Modified = {2015-12-15 17:10:04 +0000},
	Journal = {Philosophy and Public Affairs},
	Pages = {128--156},
	Title = {Discounting the Future},
	Volume = {23},
	Year = {1994}}

@article{Gollier2002,
	Author = {Christian Gollier},
	Date-Added = {2015-12-15 17:06:03 +0000},
	Date-Modified = {2015-12-15 17:09:03 +0000},
	Journal = {Journal of Public Economics},
	Number = {2},
	Pages = {149--166},
	Title = {Discounting an Uncertain Future},
	Volume = {85},
	Year = {2002}}

@book{Stern2007,
	Author = {Nicholas Stern},
	Date-Added = {2015-12-15 17:03:42 +0000},
	Date-Modified = {2015-12-15 17:05:58 +0000},
	Publisher = {Cambridge University Press},
	Title = {The Economics of Climate Change},
	Year = {2007}}

@incollection{Buchak2016,
	Author = {Buchak, Lara},
	Booktitle = {The Oxford Handbook of Probability and Philosophy},
	Date-Added = {2015-12-11 20:57:38 +0000},
	Date-Modified = {2015-12-26 15:09:56 +0000},
	Editor = {Hajek, Alan and Hitchcock, Christopher},
	Publisher = {Oxford University Press},
	Title = {Decision Theory},
	Year = {2016}}

@incollection{Mahtani2019,
	Author = {Mahtani, Anna},
	Booktitle = {The Open Handbook of Formal Epistemology},
	Date-Added = {2015-12-11 20:57:38 +0000},
	Date-Modified = {2015-12-26 15:09:56 +0000},
	Editor = {Pettigrew, Richard and Weisberg, Jonathan},
	Title = {Imprecise Probability},
	Year = {2019}}

@book{GigerenzerTodd2000,
	Author = {Gigerenzer, Gerd and Todd, Peter M. and ABC Research Group},
	Date-Added = {2015-12-11 20:43:32 +0000},
	Date-Modified = {2015-12-11 20:45:04 +0000},
	Publisher = {Oxford University Press},
	Title = {Simple Heuristics That Make Us Smart},
	Year = {2000}}

@article{TverskyKahneman1974,
	Author = {Tversky, Amos and Kahneman, Daniel},
	Date-Added = {2015-12-11 20:32:49 +0000},
	Date-Modified = {2015-12-11 20:34:50 +0000},
	Journal = {Science},
	Number = {4157},
	Pages = {1124--1131},
	Title = {Judgements under Uncertainty: Heuristics and Biases},
	Volume = {185},
	Year = {1974}}

@book{Payneetal1993,
	Author = {Payne, John W. and Bettman, James R. and Johnson, Eric J.},
	Date-Added = {2015-12-11 20:25:20 +0000},
	Date-Modified = {2015-12-11 20:30:26 +0000},
	Publisher = {Cambridge University Press},
	Title = {The Adaptive Decision Maker},
	Year = {1993}}

@book{Weber1922,
	Author = {Max Weber},
	Date-Added = {2015-12-11 17:36:30 +0000},
	Date-Modified = {2015-12-11 17:38:06 +0000},
	Editor = {Alexander Ulfig},
	Publisher = {Zweitausendeins-Verlag},
	Title = {Wirtschaft und Gesellschaft. Grundriss der verstehenden Soziologie},
	Year = {1922/2005}}

@incollection{Simon1976,
	Author = {Simon, Herbert},
	Booktitle = {25 Years of Economic Theory},
	Date-Added = {2015-12-11 17:20:15 +0000},
	Date-Modified = {2015-12-11 17:26:30 +0000},
	Editor = {T. J. Kastelein and S. K. Kuipers and W. A. Nijenhuis and G. R. Wagneaar},
	Pages = {65--86},
	Publisher = {Springer US},
	Title = {From substantive to procedural rationality},
	Volume = {II},
	Year = {1976}}

@article{Steele2010,
	Author = {Steele, Katie},
	Date-Added = {2015-12-08 14:53:53 +0000},
	Date-Modified = {2015-12-08 14:55:03 +0000},
	Journal = {Theory and Decision},
	Number = {4},
	Pages = {463--487},
	Title = {What are the minimal requirements of rational choice? Arguments from the sequential-decision setting},
	Volume = {68},
	Year = {2010}}

@article{PedersenWheeler2014,
	Author = {Pedersen, Arthur and Wheeler, Gregory},
	Date-Added = {2015-08-24 20:45:43 +0000},
	Date-Modified = {2015-08-24 20:48:15 +0000},
	Journal = {Erkenntnis},
	Number = {6},
	Pages = {1305--1342},
	Title = {Demystifying Dilation},
	Volume = {79},
	Year = {2014}}

@article{BradleySteele2014b,
	Author = {Bradley, Seamus and Steele, Katie},
	Date-Added = {2015-08-24 20:43:56 +0000},
	Date-Modified = {2015-08-24 20:45:01 +0000},
	Journal = {Erkenntnis},
	Number = {6},
	Pages = {1287--1303},
	Title = {Uncertainty, Learning, and the "Problem" of Dilation},
	Volume = {79},
	Year = {2014}}

@article{Bradley1998,
	Author = {Bradley, Richard},
	Date-Added = {2015-08-24 15:44:46 +0000},
	Date-Modified = {2015-08-24 15:45:37 +0000},
	Journal = {Synthese},
	Pages = {187--229},
	Title = {A Representation Theorem for a Decision Theory with Conditionals},
	Volume = {116},
	Year = {1998}}

@article{SeidenfeldWasserman1993,
	Author = {Seidenfeld, Teddy and Wasserman, Larry},
	Date-Added = {2015-08-24 15:43:05 +0000},
	Date-Modified = {2015-08-24 15:44:15 +0000},
	Journal = {The Annals of Statistics},
	Number = {3},
	Pages = {1139--1154},
	Title = {Dilation for Sets of Probabilities},
	Volume = {21},
	Year = {1993}}

@book{Augustin2014,
	Author = {Augustin, Thomas and Coolen, Frank and de Cooman, Gert and Troffaes, Matthias},
	Date-Added = {2015-08-24 15:11:23 +0000},
	Date-Modified = {2015-08-24 15:13:14 +0000},
	Publisher = {Wiley},
	Series = {Wiley Series in Probability and Statistics},
	Title = {Introduction to Imprecise Probabilities},
	Year = {2014}}

@article{Bradley2004,
	Author = {Bradley, Richard},
	Date-Added = {2015-08-24 14:27:06 +0000},
	Date-Modified = {2015-08-24 14:28:34 +0000},
	Journal = {Dialectica},
	Number = {4},
	Pages = {483--497},
	Title = {Ramsey's Representation Theorem},
	Volume = {58},
	Year = {2004}}

@book{Hare1981,
	Author = {Hare, Richard},
	Date-Added = {2015-08-15 17:47:01 +0000},
	Date-Modified = {2015-08-15 17:48:20 +0000},
	Publisher = {Oxford University Press},
	Title = {Moral Thinking},
	Year = {1981}}

@book{Singer1993,
	Author = {Singer, Peter},
	Date-Added = {2015-08-15 17:46:17 +0000},
	Date-Modified = {2015-08-15 17:46:57 +0000},
	Publisher = {Cambridge University Press},
	Title = {Practical Ethics},
	Year = {1993}}

@article{Weirich1986,
	Author = {Weirich, Paul},
	Date-Added = {2015-08-04 23:40:31 +0000},
	Date-Modified = {2015-08-04 23:53:19 +0000},
	Journal = {British Journal for the Philosophy of Science},
	Pages = {419--442},
	Title = {Expected utility and risk},
	Volume = {37},
	Year = {1986}}

@article{Zynda2000,
	Author = {Zynda, Lyle},
	Date-Added = {2015-08-04 23:25:00 +0000},
	Date-Modified = {2015-08-04 23:26:02 +0000},
	Journal = {Philosophy of Science},
	Number = {1},
	Pages = {45--69},
	Title = {Representation Theorems and Realism about Degrees of Belief},
	Volume = {67},
	Year = {2000}}

@article{Wakker1988,
	Author = {Wakker, Peter},
	Date-Added = {2015-08-04 21:23:11 +0000},
	Date-Modified = {2015-08-04 21:24:08 +0000},
	Journal = {Journal of Behavioral Decision Making},
	Pages = {169--175},
	Title = {Nonexpected utility as aversion to information},
	Volume = {1},
	Year = {1988}}

@article{CamererWeber1992,
	Author = {Camerer, Colin and Weber, Martin},
	Date-Added = {2015-08-04 19:57:10 +0000},
	Date-Modified = {2015-08-04 19:58:54 +0000},
	Journal = {Journal of Risk and Uncertainty},
	Pages = {325--370},
	Title = {Recent Developments in Modeling Preferences: Uncertainty and Ambiguity},
	Volume = {5},
	Year = {1992}}

@article{Lewis1981,
	Author = {Lewis, David},
	Date-Added = {2015-08-04 02:57:29 +0000},
	Date-Modified = {2015-08-04 02:58:20 +0000},
	Journal = {Australasian Journal of Philosophy},
	Pages = {5--30},
	Title = {Causal decision theory},
	Volume = {59},
	Number = {1},
	Year = {1981}}

@incollection{Stalnaker1972,
	Author = {Stalnaker, Robert},
	Booktitle = {Ifs: Conditionals, Belief, Decision, Chance, and Time},
	Date-Added = {2015-08-04 02:37:10 +0000},
	Date-Modified = {2015-08-04 02:38:35 +0000},
	Editor = {Harper, William and Stalnaker, Robert and Pearce, Glenn},
	Pages = {151--152},
	Publisher = {Reidel},
	Title = {Letter to David Lewis},
	Year = {1972/1981}}

@article{Price1991,
	Author = {Price, Huw},
	Date-Added = {2015-08-04 02:11:23 +0000},
	Date-Modified = {2015-08-04 02:12:25 +0000},
	Journal = {British Journal for the Philosophy of Science},
	Number = {2},
	Pages = {157--176},
	Title = {Agency and probabilistic causality},
	Volume = {42},
	Year = {1991}}

@article{Spohn1977,
	Author = {Spohn, Wolfgang},
	Date-Added = {2015-08-03 20:32:16 +0000},
	Date-Modified = {2015-08-03 20:33:21 +0000},
	Journal = {Erkenntnis},
	Pages = {113--134},
	Title = {Where Luce and Krantz do really generalize Savage's decision model},
	Volume = {11},
	Year = {1977}}

@article{Fishburn1981,
	Author = {Fishburn, Peter},
	Date-Added = {2015-08-03 19:17:37 +0000},
	Date-Modified = {2015-08-03 19:18:43 +0000},
	Journal = {Theory and Decision},
	Pages = {139--199},
	Title = {Subjective Expected Utility: A Review of Normative Theories},
	Volume = {13},
	Year = {1981}}

@article{Arntzenius2008,
	Author = {Arntzenius, Frank},
	Date-Added = {2015-08-02 19:19:26 +0000},
	Date-Modified = {2015-08-02 19:20:39 +0000},
	Journal = {Erkenntnis},
	Pages = {277--297},
	Title = {No regrets, or: Edith Piaf revamps decision theory},
	Volume = {68},
	Year = {2008}}

@article{Joyce2012,
	Author = {James M. Joyce},
	Date-Added = {2015-08-02 19:18:33 +0000},
	Date-Modified = {2015-08-02 19:19:23 +0000},
	Journal = {Synthese},
	Pages = {123--145},
	Title = {Regret and Instability in Causal Decision Theory},
	Volume = {187},
	Year = {2012}}

@article{Egan2007,
	Author = {Egan, Andrew},
	Date-Added = {2015-08-02 19:17:35 +0000},
	Date-Modified = {2015-08-02 19:18:28 +0000},
	Journal = {Philosophical Review},
	Pages = {93--114},
	Title = {Some counterexamples to causal decision theory},
	Volume = {116},
	Year = {2007}}

@article{Hausman2000,
	Author = {Hausman, Daniel},
	Date-Added = {2015-08-02 18:45:37 +0000},
	Date-Modified = {2015-08-02 18:47:29 +0000},
	Journal = {Economics and Philosophy},
	Number = {1},
	Pages = {99--115},
	Title = {Revealed preference, belief, and game theory},
	Volume = {16},
	Year = {2000}}

@incollection{Pettit1991,
	Author = {Pettit, Philip},
	Booktitle = {Foundations of Decision Theory: Issues and Advances},
	Date-Added = {2015-08-02 15:53:14 +0000},
	Date-Modified = {2015-08-02 15:54:53 +0000},
	Editor = {Bacharach, Michael and Hurley, Susan},
	Pages = {147--175},
	Publisher = {Blackwell},
	Title = {Decision Theory and Folk Psychology},
	Year = {1991}}

@book{Ainslie1992,
	Author = {Ainslie, George},
	Date-Added = {2015-07-30 17:22:23 +0000},
	Date-Modified = {2015-07-30 17:23:18 +0000},
	Publisher = {Cambridge University Press},
	Title = {Picoeconomics},
	Year = {1992}}

@article{Samuelson1937,
	Author = {Samuelson, Paul},
	Date-Added = {2015-07-30 17:19:23 +0000},
	Date-Modified = {2015-07-30 17:20:50 +0000},
	Journal = {Review of Economic Studies},
	Pages = {155--161},
	Title = {A note on measurement of utility},
	Volume = {4},
	Year = {1937}}

@article{Koopmans1960,
	Author = {Koopmans, Tjalling},
	Date-Added = {2015-07-30 17:17:58 +0000},
	Date-Modified = {2015-07-30 17:19:07 +0000},
	Journal = {Econometrica},
	Pages = {287--309},
	Title = {Stationary ordinal utility and impatience},
	Volume = {28},
	Year = {1960}}

@article{Thaler1981,
	Author = {Thaler, Richard},
	Date-Added = {2015-07-30 17:16:30 +0000},
	Date-Modified = {2015-07-30 17:17:28 +0000},
	Journal = {Economic Letters},
	Number = {3},
	Pages = {351--401},
	Title = {Some empirical evidence on dynamic inconsistency},
	Volume = {8},
	Year = {1981}}

@article{Fredericketal2002,
	Author = {Frederick, Shane and Loewenstein, George and O'Donoghue, Ted},
	Date-Added = {2015-07-30 17:12:01 +0000},
	Date-Modified = {2015-07-30 17:13:45 +0000},
	Journal = {Journal of Economic Literature},
	Number = {2},
	Pages = {351--401},
	Title = {Time discounting and time preference: a critical review},
	Volume = {40},
	Year = {2002}}

@article{Kavka1983,
	Author = {Kavka, Gregory},
	Date-Added = {2015-07-30 15:14:36 +0000},
	Date-Modified = {2015-07-30 15:15:18 +0000},
	Journal = {Analysis},
	Number = {1},
	Pages = {33--36},
	Title = {The toxin puzzle},
	Volume = {43},
	Year = {1983}}

@incollection{Bratman1998,
	Author = {Bratman, Michael},
	Booktitle = {Rational Commitment and Social Justice: Essays for Gregory Kavka},
	Date-Added = {2015-07-30 15:07:58 +0000},
	Date-Modified = {2015-07-30 15:14:06 +0000},
	Editor = {Coleman, Jules and Morris, Christopher and Kavka, Gregory},
	Pages = {59--83},
	Publisher = {Cambridge University Press},
	Title = {Toxin, temptation, and the stability of intention},
	Year = {1998}}

@book{Holton2009,
	Author = {Holton, Richard},
	Date-Added = {2015-07-30 15:07:11 +0000},
	Date-Modified = {2015-07-30 15:07:55 +0000},
	Publisher = {Oxford University Press},
	Title = {Willing, Wanting, Waiting},
	Year = {2009}}

@article{Rabinowicz1995,
	Author = {Rabinowicz, Wlodek},
	Date-Added = {2015-07-30 15:05:46 +0000},
	Date-Modified = {2015-07-30 15:06:53 +0000},
	Journal = {Journal of Philosophy},
	Number = {11},
	Pages = {586--620},
	Title = {To have one's cake and eat it, too: sequential choice and expected utility violations},
	Volume = {92},
	Year = {1995}}

@article{Seidenfeld1988,
	Author = {Seidenfeld, Teddy},
	Date-Added = {2015-07-29 22:22:41 +0000},
	Date-Modified = {2015-07-29 22:24:09 +0000},
	Journal = {Economics and Philosophy},
	Pages = {267--290},
	Title = {Decision theory without ``independence'' or without ``ordering''},
	Volume = {4},
	Year = {1988}}

@article{Hammond1988,
	Author = {Hammond, Peter},
	Date-Added = {2015-07-29 21:58:52 +0000},
	Date-Modified = {2015-07-29 22:00:21 +0000},
	Journal = {Theory and Decision},
	Pages = {25--78},
	Title = {Consequentialist foundations for expected utility},
	Volume = {25},
	Year = {1988}}

@article{Andreou2012,
	Author = {Chrisoula Andreou},
	Date-Added = {2015-07-29 18:43:43 +0000},
	Date-Modified = {2019-02-28 12:59:48 -0500},
	Edition = {Fall 2012},
	Editor = {Zalta, Edward},
	Journal = {Stanford Encyclopedia of Philosophy},
	Title = {Dynamic Choice},
	Url = {http://plato.stanford.edu/archives/fall2012/entries/dynamic-choice/},
	Year = {2012},
	Bdsk-Url-1 = {http://plato.stanford.edu/archives/fall2012/entries/dynamic-choice/}}

@article{Quiggin1982,
	Author = {Quiggin, John},
	Date-Added = {2015-07-29 16:15:55 +0000},
	Date-Modified = {2015-07-29 16:16:58 +0000},
	Journal = {Journal of Economic Behavior \& Organization},
	Number = {4},
	Pages = {323--343},
	Title = {A theory of anticipated utility},
	Volume = {3},
	Year = {1982}}

@article{Machina1982,
	Author = {Machina, Mark},
	Date-Added = {2015-07-29 16:10:37 +0000},
	Date-Modified = {2015-07-29 16:12:00 +0000},
	Journal = {Econometrica},
	Number = {2},
	Pages = {277--323},
	Title = {`Expected utility' analysis without the independence axiom},
	Volume = {50},
	Year = {1982}}

@article{TverskyKahneman1981,
	Author = {Tversky, Amos and Kahneman, Daniel},
	Date-Added = {2015-07-29 15:50:15 +0000},
	Date-Modified = {2015-07-29 15:52:17 +0000},
	Journal = {Science},
	Number = {4481},
	Pages = {453--458},
	Title = {The Framing of Decisions and the Psychology of Choice},
	Volume = {211},
	Year = {1981}}

@article{KahnemanTversky1979,
	Author = {Kahneman, Daniel and Tversky, Amos},
	Date-Added = {2015-07-28 22:10:56 +0000},
	Date-Modified = {2015-07-28 22:13:16 +0000},
	Journal = {Econometrica},
	Number = {2},
	Pages = {263--291},
	Title = {Prospect theory: an analysis of decision under risk},
	Volume = {47},
	Year = {1979}}

@incollection{Sugden2004,
	Author = {Sugden, Robert},
	Booktitle = {Handbook of Utility Theory},
	Date-Added = {2015-07-28 22:07:39 +0000},
	Date-Modified = {2015-07-28 22:09:03 +0000},
	Editor = {Barbera, Salvador and Hammond, Peter and Seidl, Christian},
	Pages = {685--755},
	Publisher = {Kluwer},
	Title = {Alternatives to Expected Utility Theory: Foundations},
	Year = {2004}}

@incollection{Schmidt2004,
	Author = {Schmidt, Ulrich},
	Booktitle = {Handbook of Utility Theory},
	Date-Added = {2015-07-28 22:04:44 +0000},
	Date-Modified = {2015-07-28 22:07:24 +0000},
	Editor = {Barbera, Salvador and Hammond, Peter and Seidl, Christian},
	Pages = {757--837},
	Publisher = {Kluwer},
	Title = {Alternatives to Expected Utility Theory: Formal Theories},
	Year = {2004}}

@article{Morrison1967,
	Author = {Morrison, Donald},
	Date-Added = {2015-07-28 21:25:37 +0000},
	Date-Modified = {2015-07-28 21:27:41 +0000},
	Journal = {Behavioral Science},
	Number = {5},
	Pages = {373--383},
	Title = {On the consistency of preferences in Allais' Paradox},
	Volume = {12},
	Year = {1967}}

@article{RabinThaler2001,
	Author = {Rabin, Matthew and Thaler, Richard},
	Date-Added = {2015-07-28 20:49:42 +0000},
	Date-Modified = {2015-07-28 20:50:48 +0000},
	Journal = {Journal of Economic Perspectives},
	Pages = {219--232},
	Title = {Anomalies: risk aversion},
	Volume = {15},
	Year = {2001}}

@article{Rabin2000,
	Author = {Rabin, Matthew},
	Date-Added = {2015-07-28 20:48:05 +0000},
	Date-Modified = {2015-07-28 20:49:38 +0000},
	Journal = {Econometrica},
	Number = {1281--1292},
	Title = {Risk aversion and expected utility: a calibration theorem},
	Volume = {68},
	Year = {2000}}

@article{Samuelson1963,
	Author = {Samuelson, Paul},
	Date-Added = {2015-07-28 20:46:49 +0000},
	Date-Modified = {2015-07-28 20:48:02 +0000},
	Journal = {Scientia},
	Number = {108--113},
	Title = {Risk and uncertainty: a fallacy of large numbers},
	Volume = {98},
	Year = {1963}}

@article{Lopes1981,
	Author = {Lopes, Lola},
	Date-Added = {2015-07-28 20:07:56 +0000},
	Date-Modified = {2015-07-28 20:09:27 +0000},
	Journal = {Journal of Experimental Psychology: Human Perception and Performance},
	Pages = {377--385},
	Title = {Decision making in the short run},
	Volume = {9},
	Year = {1981}}

@article{Lopes1996,
	Author = {Lopes, Lola},
	Date-Added = {2015-07-28 20:05:55 +0000},
	Date-Modified = {2015-07-28 20:07:53 +0000},
	Journal = {Journal of Experimental Psychology},
	Number = {3},
	Pages = {179--189},
	Title = {When time is of the essence: averaging, aspiration, and the short run},
	Volume = {65},
	Year = {1996}}

@article{Weber1998,
	Author = {Weber, Michael},
	Date-Added = {2015-07-27 23:06:23 +0000},
	Date-Modified = {2015-07-28 15:33:20 +0000},
	Journal = {Ethics},
	Number = {1},
	Pages = {94--118},
	Title = {The resilience of the Allais Paradox},
	Volume = {109},
	Year = {1998}}

@book{Mas-Colell1995,
	Author = {Mas-Colell, Andreu and Whinston, Michael and Green, Jerry},
	Date-Added = {2015-07-27 22:22:08 +0000},
	Date-Modified = {2015-07-27 22:23:28 +0000},
	Edition = {1},
	Publisher = {Oxford University Press},
	Title = {Microeconomic Theory},
	Year = {1995}}

@incollection{Salles1998,
	Author = {Salles, Maurice},
	Booktitle = {Handbook of Utility Theory},
	Date-Added = {2015-07-27 20:41:17 +0000},
	Date-Modified = {2015-07-27 20:44:34 +0000},
	Editor = {Barbera, Salvador and Hammond, Peter and Seidl, Christian},
	Publisher = {Kluwer},
	Title = {Fuzzy Utility},
	Volume = {1},
	Year = {1998}}

@incollection{Fishburn1998,
	Author = {Fishburn, Peter},
	Booktitle = {Handbook of Utility Theory},
	Date-Added = {2015-07-27 20:24:47 +0000},
	Date-Modified = {2015-07-27 20:27:37 +0000},
	Editor = {Barbera, Salvador and Hammond, Peter and Seidl, Christian},
	Publisher = {Kluwer},
	Title = {Stochastic Utility},
	Volume = {1},
	Year = {1998}}

@article{BradleySteele2014,
	Author = {Bradley, Seamus and Steele, Katie},
	Date-Added = {2015-07-27 20:03:43 +0000},
	Date-Modified = {2015-07-27 20:05:03 +0000},
	Journal = {Episteme},
	Pages = {277--289},
	Title = {Should subjective probabilities be sharp?},
	Volume = {11},
	Year = {2014}}

@article{SahlinWeirich2014,
	Author = {Sahlin, Nils-Eric and Weirich, Paul},
	Date-Added = {2015-07-27 20:02:16 +0000},
	Date-Modified = {2015-07-27 20:03:35 +0000},
	Journal = {Theoria},
	Pages = {100--103},
	Title = {Unsharp sharpness},
	Volume = {80},
	Year = {2014}}

@article{Troffaes2007,
	Author = {Troffaes, Matthias},
	Date-Added = {2015-07-27 19:51:28 +0000},
	Date-Modified = {2015-07-27 19:52:43 +0000},
	Journal = {International Journal of Approximate Reasoning},
	Pages = {17--29},
	Title = {Decision making under uncertainty using imprecise probabilities},
	Volume = {45},
	Year = {2007}}

@article{Williams2014,
	Author = {Williams, J. Robert G.},
	Date-Added = {2015-07-27 19:45:06 +0000},
	Date-Modified = {2015-07-27 19:46:11 +0000},
	Journal = {Philosophers' Imprint},
	Number = {4},
	Title = {Decision-making under indeterminacy},
	Volume = {14},
	Pages={1--34},
	Year = {2014}}

@article{Moss2015,
	Author = {Moss, Sarah},
	Date-Added = {2015-07-27 19:44:05 +0000},
	Date-Modified = {2015-07-27 19:45:01 +0000},
	Journal = {Oxford Studies in Epistemology},
	Title = {Time-slice epistemology and action under indeterminacy},
	Year = {2015}}

@book{Williamson2010,
	Author = {Williamson, Jon},
	Date-Added = {2015-07-27 19:28:45 +0000},
	Date-Modified = {2015-07-27 19:30:00 +0000},
	Publisher = {Oxford University Press},
	Title = {In Defense of Objective Bayesianism},
	Year = {2010}}

@article{Joyce2011,
	Author = {James M. Joyce},
	Date-Added = {2015-07-27 18:45:07 +0000},
	Date-Modified = {2015-07-27 18:46:28 +0000},
	Journal = {Philosophical Perspectives},
	Pages = {281--323},
	Title = {A defense of imprecise credence in inference and decision},
	Volume = {24},
	Year = {2011}}

@article{Kaplan1983,
	Author = {Kaplan, Mark},
	Date-Added = {2015-07-27 18:39:32 +0000},
	Date-Modified = {2015-07-27 18:40:55 +0000},
	Journal = {Philosophy of Science},
	Pages = {549--577},
	Title = {Decision theory as philosophy},
	Volume = {50},
	Year = {1983}}

@incollection{Bradley2015,
	URL = {http://plato.stanford.edu/archives/sum2015/entries/imprecise-probabilities/},
	Author = {Bradley, Seamus},
	Booktitle = {Stanford Encyclopedia of Philosophy},
	Date-Added = {2015-07-27 18:36:14 +0000},
	Date-Modified = {2015-08-04 20:59:46 +0000},
	Edition = {Summer 2015},
	Editor = {Zalta, Edward},
	Title = {Imprecise Probabilities},
	Year = {2015}}

@article{White2010,
	Author = {White, Roger},
	Date-Added = {2015-07-27 17:33:28 +0000},
	Date-Modified = {2015-07-27 17:35:40 +0000},
	Journal = {Oxford Studies in Epistemology},
	Pages = {161--186},
	Title = {Evidential symmetry and mushy credence},
	Volume = {3},
	Year = {2010}}

@article{Elga2010,
	Author = {Elga, Adam},
	Date-Added = {2015-09-17 14:52:25 +0000},
	Date-Modified = {2015-09-17 14:52:25 +0000},
	Journal = {Philosophers Imprint},
	Number = {5},
	Pages = {1--11},
	Title = {Subjective Probabilities Should be Sharp},
	Volume = {10},
	Year = {2010}}

@article{Joyce2005,
	Author = {James M. Joyce},
	Date-Added = {2015-07-26 21:54:12 +0000},
	Date-Modified = {2015-07-26 21:55:02 +0000},
	Journal = {Philosophical Perspectives},
	Pages = {153--178},
	Title = {How probabilities reflect evidence},
	Volume = {19},
	Year = {2005}}

@book{Levi1980,
	Address = {Cambridge, MA},
	Author = {Isaac {Levi}},
	Date-Added = {2015-09-17 14:52:25 +0000},
	Date-Modified = {2015-09-17 14:52:25 +0000},
	Publisher = {MIT Press},
	Title = {The Enterprise of Knowledge},
	Year = {1980}}

@book{Kaplan1996,
	Author = {Kaplan, Mark},
	Date-Added = {2015-07-26 20:39:28 +0000},
	Date-Modified = {2015-07-26 20:40:13 +0000},
	Publisher = {Cambridge University Press},
	Title = {Decision Theory as Philosophy},
	Year = {1996}}

@incollection{Jeffrey1983b,
	Author = {Jeffrey, Richard},
	Booktitle = {Testing Scientific Theories},
	Date-Added = {2015-07-26 20:36:21 +0000},
	Date-Modified = {2015-07-26 20:39:05 +0000},
	Editor = {Earman, John},
	Pages = {133--156},
	Publisher = {University of Minnesota Press},
	Series = {Minnesota Studies in the Philosophy of Science},
	Title = {Bayesianism with a human face},
	Volume = {10},
	Year = {1983}}

@article{DavidsonMcKinseySuppes1955,
	Author = {Davidson, Donald and McKinsey, J. C. C. and Suppes, Patrick},
	Date-Added = {2015-07-26 17:42:09 +0000},
	Date-Modified = {2015-07-26 17:51:28 +0000},
	Journal = {Philosophy of Science},
	Pages = {140--160},
	Title = {Outlines of a Formal Theory of Value, I},
	Volume = {22},
	Year = {1955}}

@article{VoorhoeveBinmore2006,
	Author = {Voorhoeve, Alex and Binmore, Ken},
	Date-Added = {2015-07-26 02:45:50 +0000},
	Date-Modified = {2015-07-26 02:47:11 +0000},
	Journal = {Erkenntnis},
	Number = {1},
	Pages = {101--114},
	Title = {Transitivity, the Sorites Paradox, and similarity-based decision-making},
	Volume = {64},
	Year = {2006}}

@article{TenenbaumRaffman2012,
	Author = {Tenenbaum, Sergio and Raffman, Diana},
	Date-Added = {2015-07-26 02:42:41 +0000},
	Date-Modified = {2015-07-26 02:44:05 +0000},
	Journal = {Ethics},
	Number = {1},
	Pages = {86--112},
	Title = {Vague projects and the puzzle of the self-torturer},
	Volume = {123},
	Year = {2012}}

@article{ArntzeniusMcCarthy1997,
	Author = {Arntzenius, Frank and McCarthy, David},
	Date-Added = {2015-07-26 02:41:08 +0000},
	Date-Modified = {2015-07-26 02:42:37 +0000},
	Journal = {Erkenntnis},
	Number = {1},
	Pages = {129--44},
	Title = {Self torture and group beneficence},
	Volume = {47},
	Year = {1997}}

@article{Andreou2006,
	Author = {Andreou, Chrisoula},
	Date-Added = {2015-07-26 02:38:58 +0000},
	Date-Modified = {2015-07-26 03:02:20 +0000},
	Journal = {Philosophy \& Public Affairs},
	Number = {2},
	Pages = {183--93},
	Title = {Environmental damage and the puzzle of the self-torturer},
	Volume = {37},
	Year = {2006}}

@article{Quinn1990,
	Author = {Quinn, Warren},
	Date-Added = {2015-07-26 02:33:14 +0000},
	Date-Modified = {2015-07-26 02:36:12 +0000},
	Journal = {Philosophical Studies},
	Number = {1},
	Title = {The Puzzle of the Self-Torturer},
	Volume = {59},
	Year = {1990}}

@book{Sartre1945,
	Author = {Sartre, Jean-Paul},
	Date-Added = {2015-07-26 01:50:45 +0000},
	Date-Modified = {2015-07-26 01:52:35 +0000},
	Editor = {Elka\"{i}m-Sartre, Arlette},
	Publisher = {Yale University Press},
	Title = {Existentialism is a Humanism},
	Year = {1945/2007}}

@incollection{JoyceGibbard1998,
	Author = {James M. Joyce and Gibbard, Allan},
	Booktitle = {Handbook of Utility Theory},
	Date-Added = {2015-07-25 20:54:14 +0000},
	Date-Modified = {2015-07-25 20:55:59 +0000},
	Editor = {Barbera, Salvador and Hammond, Peter and Seidl, Christian},
	Publisher = {Kluwer},
	Title = {Causal decision theory},
	Volume = {1},
	Year = {1998}}

@article{Eells1981,
	Author = {Eells, Ellery},
	Date-Added = {2015-07-25 20:09:34 +0000},
	Date-Modified = {2015-07-25 20:16:21 +0000},
	Journal = {Synthese},
	Pages = {295--329},
	Title = {Causality, utility, and decision},
	Volume = {48},
	Year = {1981}}

@article{Armendt1986,
	Author = {Armendt, Brad},
	Date-Added = {2015-07-25 19:22:18 +0000},
	Date-Modified = {2015-07-25 19:25:07 +0000},
	Journal = {Topoi},
	Pages = {3--19},
	Title = {A foundation for causal decision theory},
	Volume = {5},
	Year = {1986}}

@incollection{Horgan1981,
	Author = {Horgan, Terry},
	Booktitle = {Paradoxes of Rationality and Cooperation: Prisoner's Dilemma and Newcomb's Problem},
	Date-Added = {2015-07-25 19:20:06 +0000},
	Date-Modified = {2015-07-25 19:21:59 +0000},
	Pages = {159--182},
	Publisher = {University of British Columbia Press},
	Title = {Counterfactuals and Newcomb's Problem},
	Year = {1981/1985}}

@book{Horwich1987,
	Author = {Horwich, Paul},
	Date-Added = {2015-07-25 19:18:16 +0000},
	Date-Modified = {2015-07-25 19:20:03 +0000},
	Publisher = {MIT Press},
	Title = {Asymmetries in Time},
	Year = {1987}}

@incollection{GibbardHarper1978,
	Author = {Gibbard, Allan and Harper, William},
	Booktitle = {Ifs: Conditionals, Belief, Decision, Chance, and Time},
	Date-Added = {2015-07-25 19:09:45 +0000},
	Date-Modified = {2015-07-25 19:12:13 +0000},
	Editor = {Harper, William and Stalnaker, Robert and Pearce, Glenn},
	Pages = {153--190},
	Publisher = {Reidel},
	Title = {Counterfactuals and two kinds of expected utility},
	Year = {1978/1981}}

@book{deFinetti1974,
	Author = {de Finetti, Bruno},
	Date-Added = {2015-07-24 21:10:55 +0000},
	Date-Modified = {2015-07-24 21:12:51 +0000},
	Publisher = {Wiley},
	Title = {Theory of Probability},
	Volume = {1},
	Year = {1974}}

@unpublished{Pettigrew2014,
	Author = {Pettigrew, Richard},
	Date-Added = {2015-07-24 21:09:09 +0000},
	Date-Modified = {2015-07-24 21:10:48 +0000},
	Note = {APA author meets critic session},
	Title = {Risk, rationality, and expected utility theory},
	Year = {2014}}

@incollection{Velleman1993,
	Author = {Velleman, David},
	Booktitle = {The Possibility of Practical Reason},
	Date-Added = {2015-07-24 02:08:08 +0000},
	Date-Modified = {2015-07-24 02:14:41 +0000},
	Publisher = {Oxford University Press},
	Title = {The story of rational action},
	Year = {1993/2000}}

@incollection{FermatPascal1654,
	Author = {Fermat, Pierre and Pascal, Blaise},
	Booktitle = {A Source Book in Mathematics},
	Date-Added = {2015-07-24 01:37:21 +0000},
	Date-Modified = {2015-08-15 16:34:36 +0000},
	Publisher = {McGraw-Hill Book Co.},
	Title = {Fermat and Pascal on Probability},
	Year = {1654/1929}}

@article{Bernouilli1738,
	Author = {Bernouilli, Daniel},
	Date-Added = {2015-07-24 01:33:17 +0000},
	Date-Modified = {2015-07-24 01:36:44 +0000},
	Journal = {Econometrica},
	Number = {1},
	Pages = {23--36},
	Title = {Exposition of a new theory on the measurement of risk},
	Volume = {22},
	Year = {1738/1954}}

@book{Bentham1789,
	Author = {Bentham, Jeremy},
	Date-Added = {2015-07-23 23:25:38 +0000},
	Date-Modified = {2015-07-23 23:28:48 +0000},
	Publisher = {Dover Publications},
	Title = {An Introduction to the Principles of Morals and Legislation},
	Year = {1789/2007}}

@book{Mill1861,
	Author = {Mill, John Stuart},
	Date-Added = {2015-07-23 23:24:24 +0000},
	Date-Modified = {2015-07-23 23:25:33 +0000},
	Editor = {Crisp, Roger},
	Publisher = {Oxford University Press},
	Title = {Utilitarianism},
	Year = {1861/1998}}

@article{MeachamWeisberg2011,
	Author = {Meacham, Christopher and Weisberg, Jonathan},
	Date-Added = {2015-07-23 22:34:07 +0000},
	Date-Modified = {2015-07-26 17:50:18 +0000},
	Journal = {Australasian Journal of Philosophy},
	Number = {641--663},
	Title = {Representation Theorems and the Foundations of Decision Theory},
	Volume = {89},
	Year = {2011}}

@article{Hajek2008:thoma,
	Author = {Hajek, Alan},
	Date-Added = {2015-07-23 22:32:31 +0000},
	Date-Modified = {2015-07-23 22:34:02 +0000},
	Journal = {British Journal for the Philosophy of Science},
	Number = {4},
	Pages = {793--819},
	Title = {Arguments for -- or against -- probabilism},
	Volume = {59},
	Year = {2008}}

@incollection{LuceSuppes1965,
	Author = {Luce, Duncan and Suppes, Patrick},
	Booktitle = {Handbook of Mathematical Psychology},
	Date-Added = {2015-07-22 20:31:33 +0000},
	Date-Modified = {2015-07-22 20:37:49 +0000},
	Editor = {Luce, Duncan, et al.},
	Pages = {249--410},
	Publisher = {Wiley},
	Title = {Preference, utility, and subjective probability},
	Volume = {3},
	Year = {1965}}

@book{Broome1991,
	Author = {Broome, John},
	Date-Added = {2015-07-21 16:47:13 +0000},
	Date-Modified = {2015-07-21 16:47:51 +0000},
	Publisher = {Blackwell},
	Title = {Weighing Goods},
	Year = {1991}}

@book{Bermudez2009,
	Author = {Bermudez, Jose Luis},
	Date-Added = {2015-07-21 15:33:42 +0000},
	Date-Modified = {2015-07-21 15:34:45 +0000},
	Publisher = {Oxford University Press},
	Title = {Decision Theory and Rationality},
	Year = {2009}}

@incollection{Ramsey1926,
	Author = {Ramsey, Frank P.},
	Booktitle = {Philosophy of Probability: Contemporary Readings},
	Date-Added = {2015-07-21 15:19:39 +0000},
	Date-Modified = {2015-07-21 15:23:24 +0000},
	Editor = {Eagle, Antony},
	Pages = {52--94},
	Publisher = {Routledge},
	Title = {Truth and Probability},
	Year = {1926/2010}}

@article{Davidson1985,
	Author = {Davidson, Donald},
	Date-Added = {2015-07-21 15:17:03 +0000},
	Date-Modified = {2015-07-21 15:18:15 +0000},
	Journal = {Theory and Decision},
	Pages = {87--98},
	Title = {A New Basis for Decision Theory},
	Volume = {18},
	Year = {1985}}

@article{Lewis1974,
	Author = {Lewis, David},
	Date-Added = {2015-07-21 15:15:29 +0000},
	Date-Modified = {2015-07-21 15:16:36 +0000},
	Journal = {Synthese},
	Pages = {331--344},
	Title = {Radical Interpretation},
	Volume = {23},
	Year = {1974}}

@article{Davidson1973,
	Author = {Davidson, Donald},
	Date-Added = {2015-07-21 15:01:33 +0000},
	Date-Modified = {2015-07-21 15:02:57 +0000},
	Journal = {Dialectica},
	Pages = {313--328},
	Title = {Radical Interpretation},
	Volume = {27},
	Year = {1973}}

@incollection{Nozick1969,
	Author = {Nozick, Robert},
	Booktitle = {Essays in Honor of Carl G. Hempel},
	Date-Added = {2015-07-19 16:23:12 +0000},
	Date-Modified = {2015-07-19 16:25:44 +0000},
	Editor = {Rescher, Nicholas},
	Pages = {114--115},
	Publisher = {Reidel},
	Series = {Synthese Library},
	Title = {Newcomb's Problem and Two Principles of Choice},
	Year = {1969}}

@book{vNM1944,
	Author = {von Neumann, John and Morgenstern, Oskar},
	Date-Added = {2015-07-19 16:19:28 +0000},
	Date-Modified = {2015-07-19 16:22:46 +0000},
	Publisher = {Princeton University Press},
	Title = {Theory of Games and Economic Behavior},
	Year = {1944}}

@book{Jeffrey1983,
	Author = {Jeffrey, Richard},
	Date-Added = {2015-07-19 16:15:35 +0000},
	Date-Modified = {2015-12-11 21:05:53 +0000},
	Edition = {2nd},
	Publisher = {University of Chicago Press},
	Title = {The Logic of Decision},
	Year = {1965/1983}}

@article{Ellsberg1961,
	Author = {Ellsberg, Daniel},
	Date-Added = {2015-07-19 16:12:51 +0000},
	Date-Modified = {2015-07-19 16:15:06 +0000},
	Journal = {Quarterly Journal of Economics},
	Pages = {643--669},
	Title = {Risk, Ambiguity, and the Savage Axioms},
	Volume = {75},
	Number = {4},
	Year = {1961}}

@article{Bolker1966,
	Author = {Bolker, Ethan},
	Date-Added = {2015-07-19 16:10:59 +0000},
	Date-Modified = {2015-07-19 16:12:33 +0000},
	Journal = {Transactions of the American Mathematical Society},
	Pages = {292--312},
	Title = {Functions Resembling Quotients of Measures},
	Volume = {2},
	Year = {1966}}

@book{Savage1954,
	Author = {Savage, Leonard},
	Date-Added = {2015-07-19 16:07:13 +0000},
	Date-Modified = {2015-07-19 16:08:12 +0000},
	Publisher = {Wiley},
	Title = {The Foundations of Statistics},
	Year = {1954}}

@book{McClennen1990,
	Author = {McClennen, Edward},
	Date-Added = {2015-07-19 16:05:01 +0000},
	Date-Modified = {2015-07-19 16:06:41 +0000},
	Publisher = {Cambridge University Press},
	Title = {Rationality and Dynamic Choice: Foundational Explorations},
	Year = {1990}}

@article{Machina1989,
	Author = {Machina, Mark},
	Date-Added = {2015-07-19 16:00:23 +0000},
	Date-Modified = {2015-07-19 16:04:53 +0000},
	Journal = {Journal of Economic Literature},
	Number = {4},
	Pages = {1622--1668},
	Title = {Dynamic Consistency and Non-Expected Utility Models of Choice under Uncertainty},
	Volume = {27},
	Year = {1989}}

@book{Joyce1999,
	Author = {James M. Joyce},
	Date-Added = {2015-07-19 15:58:22 +0000},
	Date-Modified = {2015-07-19 15:59:55 +0000},
	Publisher = {Cambridge University Press},
	Title = {The Foundations of Causal Decision Theory},
	Year = {1999}}

@article{Dreier1996,
	Author = {Dreier, James},
	Date-Added = {2015-07-19 15:54:47 +0000},
	Date-Modified = {2015-07-19 15:58:15 +0000},
	Journal = {Theory and Decision},
	Number = {3},
	Pages = {249--276},
	Title = {Rational Preference: Decision Theory as a Theory of Practical Rationality},
	Volume = {40},
	Year = {1996}}

@book{Buchak2013,
	Author = {Buchak, Lara},
	Date-Added = {2015-07-19 15:52:29 +0000},
	Date-Modified = {2015-07-19 15:54:35 +0000},
	Publisher = {Oxford University Press},
	Title = {Risk and Rationality},
	Year = {2013}}

@article{Allais1953,
	Author = {Allais, Maurice},
	Date-Added = {2015-07-19 15:46:05 +0000},
	Date-Modified = {2015-07-19 15:50:46 +0000},
	Journal = {Econometrica},
	Number = {4},
	Pages = {503--546},
	Title = {Le comportement de l'homme rationnel devant le risque: critique des postulats et axiomes de l'Ecole Americaine},
	Volume = {21},
	Year = {1953}}
