%% This BibTeX bibliography file was created using BibDesk.
%% http://bibdesk.sourceforge.net/


%% Created for titelbaum at 2019-05-10 21:42:45 -0500 


%% Saved with string encoding Unicode (UTF-8) 



@article{Eaglhive,
	Author = {Kenny Easwaran and Luke Fenton-Glynn and Christopher Hitchcock and Joel D. Velasco},
	Date-Added = {2019-05-10 21:37:21 -0500},
	Date-Modified = {2019-05-10 21:38:47 -0500},
	Journal = {Philosophers' Imprint},
	Pages = {1--39},
	Title = {Updating on the Credences of Others:\ {D}isagreement, Agreement, and Synergy},
	Volume = {16},
	Year = {2016}}

@article{RHB,
	Author = {J.S. Russell and J. Hawthorne and L. Buchak},
	Date-Added = {2019-05-10 21:36:15 -0500},
	Date-Modified = {2019-05-10 21:36:56 -0500},
	Journal = {Philosophical Studies},
	Pages = {1287--1309},
	Title = {Groupthink},
	Volume = {172},
	Year = {2015}}

@article{BradleyConsensus,
	Author = {Bradley, R.},
	Date-Added = {2019-05-10 21:35:27 -0500},
	Date-Modified = {2019-05-10 21:35:58 -0500},
	Journal = {Social Choice and Welfare},
	Pages = {609--32},
	Title = {Reaching a Consensus},
	Volume = {29},
	Year = {2007}}

@article{BooleCombination,
	Author = {Boole, G.},
	Date-Added = {2019-05-10 21:33:46 -0500},
	Date-Modified = {2019-05-10 21:34:35 -0500},
	Journal = {Studies in Logic and Probability},
	Pages = {308--85},
	Title = {On the Application of the Theory of Probabilities to the Question of the Combination of Testimonies or Judgments},
	Year = {1952}}

@book{RasmussenSteglich,
	Address = {Oxford},
	Date-Added = {2019-05-10 21:25:20 -0500},
	Date-Modified = {2019-05-10 21:25:55 -0500},
	Editor = {M.S. Rasmussen and A. Steglich-Petersen},
	Publisher = {Oxford University Press},
	Title = {Higher-Order Evidence:\ {N}ew Essays},
	Year = {forthcoming}}

@book{ChristensenLackey,
	Address = {Oxford},
	Date-Added = {2019-05-10 21:22:59 -0500},
	Date-Modified = {2019-05-10 21:23:41 -0500},
	Editor = {David Christensen and Jennfier Lackey},
	Publisher = {Oxford University Press},
	Title = {The Epistemology of Disagreement:\ {N}ew Essays},
	Year = {2013}}

@article{ChristensenControversy,
	Author = {Christensen, David},
	Date-Added = {2019-05-10 21:22:19 -0500},
	Date-Modified = {2019-05-10 21:22:56 -0500},
	Journal = {Philosophy Compass},
	Pages = {756--67},
	Title = {Disagreement as Evidence:\ {T}he Epistemology of Controversy},
	Volume = {4},
	Year = {2009}}

@article{WeisbergIBE,
	Author = {Weisberg, Jonathan},
	Date-Added = {2019-05-10 21:13:24 -0500},
	Date-Modified = {2019-05-10 21:13:53 -0500},
	Journal = {Synthese},
	Pages = {125--44},
	Title = {Locating {IBE} in the {B}ayesian Framework},
	Volume = {167},
	Year = {2009}}

@book{LiptonIBE,
	Address = {London},
	Author = {Lipton, P.},
	Date-Added = {2019-05-10 21:12:29 -0500},
	Date-Modified = {2019-05-10 21:13:02 -0500},
	Edition = {2nd},
	Publisher = {Routledge},
	Title = {Inference to the Best Explanation},
	Year = {2004}}

@article{OkashaIBE,
	Author = {Okasha, Samir},
	Date-Added = {2019-05-10 21:11:26 -0500},
	Date-Modified = {2019-05-10 21:12:10 -0500},
	Journal = {Studies in History and Philosophy of Science},
	Pages = {691--710},
	Title = {Van {F}raassen's Critique of Inference to the Best Explanation},
	Year = {2000}}

@book{vanFraassenLaws,
	Address = {Oxford},
	Author = {{van Fraassen}, Bas C.},
	Date-Added = {2019-05-10 21:10:33 -0500},
	Date-Modified = {2019-05-10 21:10:33 -0500},
	Publisher = {Clarendon Press},
	Title = {Laws and Symmetry},
	Year = {1989}}

@article{HendersonIBE,
	Author = {Henderson, Leah},
	Date-Added = {2019-05-10 21:05:10 -0500},
	Date-Modified = {2019-05-10 21:05:43 -0500},
	Journal = {British Journal for the Philosophy of Science},
	Pages = {687--715},
	Title = {Bayesianism and Inference to the Best Explanation},
	Volume = {65},
	Year = {2013}}

@article{ShogenjiCoherence,
	Author = {Shogenji, Tomoji},
	Date-Added = {2019-05-10 21:00:24 -0500},
	Date-Modified = {2019-05-10 21:00:56 -0500},
	Journal = {Analysis},
	Pages = {338--45},
	Title = {Is Coherence Truth-Conducive?},
	Volume = {59},
	Year = {1999}}

@book{BovensHartmann,
	Address = {Oxford},
	Author = {Bovens, Luc and Hartmann, Stephan},
	Date-Added = {2019-05-10 20:59:45 -0500},
	Date-Modified = {2019-05-10 20:59:45 -0500},
	Publisher = {Oxford University Press},
	Title = {Bayesian Epistemology},
	Year = {2003}}

@incollection{OlssonSEP,
	Author = {Olsson, Erik},
	Booktitle = {The Stanford Encyclopedia of Philosophy},
	Date-Added = {2019-05-10 20:57:32 -0500},
	Date-Modified = {2019-05-10 20:59:17 -0500},
	Edition = {Spring 2017},
	Editor = {Edward N. Zalta},
	Howpublished = {\url{https://plato.stanford.edu/archives/spr2017/entries/justep-coherence/}},
	Publisher = {Metaphysics Research Lab, Stanford University},
	Title = {Coherentist Theories of Epistemic Justification},
	Year = {2017}}

@article{HuemerRefute,
	Author = {Huemer, M.},
	Date-Added = {2019-05-10 20:54:51 -0500},
	Date-Modified = {2019-05-10 20:55:30 -0500},
	Journal = {Journal of Philosophy},
	Pages = {463--72},
	Title = {Does Probability Theory Refute Coherentism?},
	Volume = {108},
	Year = {2011}}

@book{TitelbaumFBE,
	Address = {Oxford},
	Author = {Titelbaum, Michael G.},
	Date-Added = {2019-05-10 14:29:00 -0500},
	Date-Modified = {2019-05-10 14:29:25 -0500},
	Publisher = {Oxford University Press},
	Title = {Fundamentals of {B}ayesian Epistemology},
	Year = {forthcoming}}

@article{MeachamUr,
	Author = {Meacham, Christopher J.G.},
	Date-Added = {2019-05-10 14:22:23 -0500},
	Date-Modified = {2019-05-10 14:22:23 -0500},
	journal = {Ergo},
	Title = {Ur-Priors, Conditionalization, and Ur-Prior Conditionalization},
	Volume = {3},
	Number = {17},
	Pages = {444--492},
	Year = {2016}}

@article{SchoenfieldPermission,
	Author = {Schoenfield, Miriam},
	Date-Added = {2019-05-10 14:20:19 -0500},
	Date-Modified = {2019-05-10 14:20:19 -0500},
	Journal = {No\^{u}s},
	Pages = {193--218},
	Title = {Permission to Believe:\ {W}hy Permissivism Is True and What It Tells Us About Irrelevant Influences on Belief},
	Volume = {48},
	Year = {2014}}

@article{CarrDontStop,
	Author = {Carr, Jennifer Rose},
	Date-Added = {2019-05-10 14:17:19 -0500},
	Date-Modified = {2019-05-10 14:17:46 -0500},
	Journal = {Canadian Journal of Philosophy},
	Title = {Don't Stop Believing},
	Volume = {45},
	Year = {2015}}

@book{TitelbaumQuitting,
	Address = {Oxford},
	Author = {Titelbaum, Michael G.},
	Date-Added = {2019-05-10 14:13:40 -0500},
	Date-Modified = {2019-05-10 14:13:40 -0500},
	Publisher = {Oxford University Press},
	Title = {Quitting Certainties:\ {A} {B}ayesian Framework Modeling Degrees of Belief},
	Year = {2013}}

@book{PettigrewLaws,
	Address = {Oxford},
	Author = {Pettigrew, Richard},
	Date-Added = {2019-05-10 13:58:07 -0500},
	Date-Modified = {2019-05-10 13:58:54 -0500},
	Publisher = {Oxford University Press},
	Title = {Accuracy and the Laws of Credence},
	Year = {2016}}

@incollection{JoyceAccuracy,
	Author = {Joyce, James M.},
	Booktitle = {Degrees of Belief},
	Date-Added = {2019-05-10 13:56:42 -0500},
	Date-Modified = {2019-05-10 13:56:42 -0500},
	Editor = {Huber, Franz and Schmidt-Petri, Christoph},
	Pages = {263--297},
	Publisher = {Springer},
	Series = {Synthese Library},
	Title = {Accuracy and Coherence:\ {P}rospects for an Alethic Epistemology of Partial Belief},
	Volume = {342},
	Year = {2009}}

@article{MaherJoyce,
	Author = {Maher, Patrick},
	Date-Added = {2019-05-10 13:54:18 -0500},
	Date-Modified = {2019-05-10 13:54:18 -0500},
	Journal = {Philosophy of Science},
	Pages = {73--81},
	Title = {Joyce's Argument for Probabilism},
	Volume = {96},
	Year = {2002}}

@book{vonNeumannMorgenstern,
	Address = {Princeton, NJ},
	Author = {{von {N}eumann}, J. and Morgenstern, O.},
	Date-Added = {2019-05-10 11:02:53 -0500},
	Date-Modified = {2019-05-10 11:02:53 -0500},
	Edition = {2nd},
	Publisher = {Princeton University Press},
	Title = {Theory of Games and Economic Behavior},
	Year = {1947}}

@incollection{WeirichCausal,
	Author = {Weirich, Paul},
	Booktitle = {The Stanford Encyclopedia of Philosophy},
	Date-Added = {2019-05-10 10:57:57 -0500},
	Date-Modified = {2019-05-10 10:57:57 -0500},
	Edition = {Winter 2012},
	Editor = {Edward N. Zalta},
	Howpublished = {\url{http://plato.stanford.edu/archives/win2012/entries/decision-causal/}},
	Title = {Causal Decision Theory},
	Year = {2012}}

@article{LewisCausal,
	Author = {Lewis, David},
	Date-Added = {2019-05-10 10:56:29 -0500},
	Date-Modified = {2019-05-10 10:57:01 -0500},
	Journal = {Australasian Journal of Philosophy},
	Pages = {5--30},
	Title = {Causal Decision Theory},
	Volume = {59},
	Year = {1981}}

@incollection{GibbardHarper,
	Address = {Dordrecht},
	Author = {Gibbard, Allan and Harper, William},
	Booktitle = {Foundations and Applications of Decision Theory},
	Date-Added = {2019-05-10 10:54:27 -0500},
	Date-Modified = {2019-05-10 10:56:06 -0500},
	Editor = {Clifford Alan Hooker and James L. Leach and Edward Francis McClennan},
	Pages = {125--62},
	Publisher = {D. Reidel Publishing Company},
	Series = {University of Western Ontario Series in Philosophy of Science},
	Title = {Counterfactuals and Two Kinds of Expected Utility},
	Volume = {13a},
	Year = {1978}}

@article{SwinburneParadoxes,
	Author = {Swinburne, R.G.},
	Date-Added = {2019-05-10 10:51:15 -0500},
	Date-Modified = {2019-05-10 10:51:57 -0500},
	Journal = {American Philosophical Quarterly},
	Pages = {318--30},
	Title = {The Paradoxes of Confirmation:\ {A} Survey},
	Volume = {8},
	Year = {1971}}

@book{RosenkrantzParadoxes,
	Address = {Dordrecht},
	Author = {Rosenkrantz, Roger},
	Date-Added = {2019-05-10 10:47:26 -0500},
	Date-Modified = {2019-05-10 10:49:37 -0500},
	Publisher = {D. Reidel Publishing Company},
	Series = {Synthese Library},
	Title = {The Paradoxes of Confirmation},
	Volume = {115},
	Year = {1977}}

@article{HosiassonLindenbaumConfirmation,
	Author = {Hosiasson-Lindenbaum, Janina},
	Date-Added = {2019-05-10 10:39:44 -0500},
	Date-Modified = {2019-05-10 10:40:23 -0500},
	Journal = {The Journal of Symbolic Logic},
	Pages = {133-48},
	Title = {On Confirmation},
	Volume = {5},
	Year = {1940}}

@incollection{WrightReflections,
	Address = {Cambridge, MA},
	Author = {Wright, Crispin},
	Booktitle = {New Essays on Semantic Externalism},
	Date-Added = {2019-05-10 09:57:35 -0500},
	Date-Modified = {2019-05-10 09:58:39 -0500},
	Editor = {S. Nuccetelli},
	Publisher = {MIT Press},
	Title = {Some Reflections on the Acquisition of Warrant by Inference},
	Year = {2003}}

@incollection{DaviesArchitecturalism,
	Address = {Oxford},
	Author = {Davies, Martin},
	Booktitle = {Knowing Our Own Minds},
	Date-Added = {2019-05-10 09:54:55 -0500},
	Date-Modified = {2019-05-10 09:57:17 -0500},
	Editor = {C. Wright and B.C. Smith and C. Macdonald},
	Pages = {321--61},
	Publisher = {Oxford University Press},
	Title = {Exernalism, Architecturalism, and Epistemic Warrant},
	Year = {1998}}

@article{DretskeOperators,
	Author = {Dretske, Fred I.},
	Date-Added = {2019-05-10 09:53:43 -0500},
	Date-Modified = {2019-05-10 09:54:21 -0500},
	Journal = {The Journal of Philosophy},
	Pages = {1007-1023},
	Title = {Epistemic Operators},
	Volume = {67},
	Year = {1970}}

@incollection{CrupiSEP,
	Author = {Crupi, Vincenzo},
	Booktitle = {The {S}tanford Encyclopedia of Philosophy},
	Date-Added = {2019-05-10 09:46:41 -0500},
	Date-Modified = {2019-05-10 09:48:05 -0500},
	Edition = {Winter 2016},
	Editor = {Edward N. Zalta},
	Howpublished = {\url{https://plato.stanford.edu/archives/win2016/entries/confirmation/}},
	Publisher = {Metaphysics Research Lab, Stanford University},
	Title = {Confirmation},
	Year = {2016}}

@article{HajekConditional,
	Author = {H\'{a}jek, Alan},
	Date-Added = {2019-05-08 13:19:53 -0500},
	Date-Modified = {2019-05-08 13:19:53 -0500},
	Journal = {Synthese},
	Local-Url = {file://localhost/Users/michaeltitelbaum/Documents/Cal/Spring%2006/Pacific%20APA%20comments/relevant%20articles/Hajek%20Conditional%20Probability.pdf},
	Pages = {273--323},
	Title = {What Conditional Probability Could Not Be},
	Volume = {137},
	Year = {2003},
	Bdsk-File-1 = {YnBsaXN0MDDSAQIDBFxyZWxhdGl2ZVBhdGhZYWxpYXNEYXRhXxCKLi4vLi4vbGFwdG9wIGJhY2t1cCA3IE5vdiAwOC9NaWtlJ3MgbG9naW4vRG9jdW1lbnRzL0NhbC9TcHJpbmcgMDYvUGFjaWZpYyBBUEEgY29tbWVudHMvcmVsZXZhbnQgYXJ0aWNsZXMvSGFqZWsgQ29uZGl0aW9uYWwgUHJvYmFiaWxpdHkucGRmTxECqgAAAAACqgACAAAHUGhpbG9uZQAAAAAAAAAAAAAAAAAAAAAAAAAAw+PrVkgrAAAAEi3AH0hhamVrIENvbmRpdGlvbmFsIFByIzEyMkRDNC5wZGYAAAAAAAAAAAAAAAAAAAAAAAAAAAAAAAAAAAAAAAAAAAASLcTADyrQUERGIENBUk8AAgAIAAAJIAAAAAAAAAAAAAAAAAAAABFyZWxldmFudCBhcnRpY2xlcwAAEAAIAADD41CmAAAAEQAIAADADpAgAAAAAQAoABItwAASLaMAEi2EABIgMAASH48AEh+OABIfjQAKpMsACqS0AAB63AACAKVQaGlsb25lOlVzZXJzOnBoaWxvc29waHk6RG9jdW1lbnRzOmxhcHRvcCBiYWNrdXAgNyBOb3YgMDg6TWlrZSdzIGxvZ2luOkRvY3VtZW50czpDYWw6U3ByaW5nIDA2OlBhY2lmaWMgQVBBIGNvbW1lbnRzOnJlbGV2YW50IGFydGljbGVzOkhhamVrIENvbmRpdGlvbmFsIFByIzEyMkRDNC5wZGYAAA4ARAAhAEgAYQBqAGUAawAgAEMAbwBuAGQAaQB0AGkAbwBuAGEAbAAgAFAAcgBvAGIAYQBiAGkAbABpAHQAeQAuAHAAZABmAA8AEAAHAFAAaABpAGwAbwBuAGUAEgCfVXNlcnMvcGhpbG9zb3BoeS9Eb2N1bWVudHMvbGFwdG9wIGJhY2t1cCA3IE5vdiAwOC9NaWtlJ3MgbG9naW4vRG9jdW1lbnRzL0NhbC9TcHJpbmcgMDYvUGFjaWZpYyBBUEEgY29tbWVudHMvcmVsZXZhbnQgYXJ0aWNsZXMvSGFqZWsgQ29uZGl0aW9uYWwgUHJvYmFiaWxpdHkucGRmAAATAAEvAAAVAAIAEf//AAAACAANABoAJACxAAAAAAAAAgEAAAAAAAAABQAAAAAAAAAAAAAAAAAAA18=}}

@article{MeachamPrincipal,
	Author = {Meacham, Christopher J.G.},
	Date-Added = {2019-05-08 13:06:07 -0500},
	Date-Modified = {2019-05-08 13:07:31 -0500},
	Journal = {British Journal for the Philosophy of Science},
	Pages = {407--31},
	Title = {Two Mistakes Regarding the {P}rincipal {P}rinciple},
	Volume = {61},
	Year = {2010}}

@book{BernoulliArs,
	Author = {Bernoulli, Jacob},
	Date-Added = {2019-05-08 12:58:54 -0500},
	Date-Modified = {2019-05-08 12:58:54 -0500},
	Publisher = {Basiliae},
	Title = {Ars Conjectandi},
	Year = {1713}}

@article{BriggsDistorted,
	Author = {Briggs, R.A.},
	Date-Added = {2019-05-07 15:19:35 -0500},
	Date-Modified = {2019-05-07 15:20:09 -0500},
	Journal = {The Philosophical Review},
	Pages = {59--85},
	Title = {Distorted Reflection},
	Volume = {118},
	Year = {2009}}

@article{FitelsonTriviality,
	Author = {Fitelson, Branden},
	Date-Added = {2019-05-07 15:14:00 -0500},
	Date-Modified = {2019-05-07 15:14:54 -0500},
	Journal = {Thought},
	Pages = {69--74},
	Title = {The Strongest Possible {L}ewisian Triviality Result},
	Volume = {4},
	Year = {2015}}

@article{HajekTriviality,
	Author = {H\'{a}jek, Alan},
	Date-Added = {2019-05-07 15:11:20 -0500},
	Date-Modified = {2019-05-07 15:11:54 -0500},
	Journal = {Topoi},
	Pages = {3--15},
	Title = {Triviality Pursuit},
	Volume = {30},
	Year = {2011}}

@incollection{HitchcockSEP,
	Author = {Hitchcock, Christopher R.},
	Booktitle = {The {S}tanford Encyclopedia of Philosophy},
	Date-Added = {2019-05-07 15:03:55 -0500},
	Date-Modified = {2019-05-07 15:03:55 -0500},
	Edition = {Winter 2012},
	Editor = {Zalta, Edward N.},
	Howpublished = {\url{http://plato.stanford.edu/archives/win2012/entries/causation-probabilistic/}},
	Title = {Probabilistic Causation},
	Year = {2012}}

@article{DouvenPragmatics,
	Author = {Douven, Igor},
	Date-Added = {2019-05-07 14:35:45 -0500},
	Date-Modified = {2019-05-07 14:36:20 -0500},
	Journal = {Dialectica},
	Pages = {351--73},
	Title = {The {L}ottery {P}aradox and the Pragmatics of Belief},
	Volume = {66},
	Year = {2012}}

@article{LinKellyGeological,
	Author = {Lin, Hanti and Kelly, Kevin T.},
	Date-Added = {2019-05-07 14:30:57 -0500},
	Date-Modified = {2019-05-07 14:32:02 -0500},
	Journal = {Synthese},
	Pages = {531--75},
	Title = {A Geo-logical Solution to the {L}ottery {P}aradox},
	Volume = {186},
	Year = {2012}}

@book{LeitgebStability,
	Address = {Oxford},
	Author = {Leitgeb, Hannes},
	Date-Added = {2019-05-07 14:27:59 -0500},
	Date-Modified = {2019-05-07 14:28:45 -0500},
	Publisher = {Oxford University Press},
	Title = {The Stability of Belief:\ {H}ow Rational Belief Coheres with Probability},
	Year = {2017}}

@book{FoleyNet,
	Address = {Oxford},
	Author = {Foley, Richard},
	Date-Added = {2019-05-07 14:25:36 -0500},
	Date-Modified = {2019-05-07 14:25:36 -0500},
	Publisher = {Oxford University Press},
	Title = {Working Without a Net},
	Year = {1993}}

@book{LockeEssay,
	Address = {Oxford},
	Author = {Locke, John},
	Date-Added = {2019-05-07 14:25:13 -0500},
	Date-Modified = {2019-05-07 14:25:13 -0500},
	Editor = {Nidditch, Peter H.},
	Publisher = {Oxford University Press},
	Title = {An Essay Concerning Human Understanding},
	Year = {1689/1975}}

@book{MossProbabilistic,
	Address = {Oxford},
	Author = {Moss, Sarah},
	Date-Added = {2019-05-06 12:51:37 -0500},
	Date-Modified = {2019-05-06 12:51:37 -0500},
	Publisher = {Oxford University Press},
	Title = {Probabilistic Knowledge},
	Year = {2018}}

@incollection{HoltonModel,
	Address = {Oxford},
	Author = {Holton, Richard},
	Booktitle = {Rational and Social Agency:\ {T}he Philosophy of {M}ichael {B}ratman},
	Date-Added = {2019-05-06 12:47:25 -0500},
	Date-Modified = {2019-05-06 12:47:25 -0500},
	Editor = {Vargas, Manuel and Yaffe, Gideon},
	Pages = {12--37},
	Publisher = {Oxford University Press},
	Title = {Intention as a Model for Belief},
	Year = {2014}}

@book{ShaferMathematicalTheory,
	Address = {Princeton, NJ},
	Author = {Shafer, Glenn},
	Date-Added = {2019-03-15 22:52:28 -0500},
	Date-Modified = {2019-03-15 22:52:28 -0500},
	Publisher = {Princeton University Press},
	Title = {A Mathematical Theory of Evidence},
	Year = {1976}}

@article{DempsterNewMethods,
	Author = {Dempster, Arthur P.},
	Date-Added = {2019-03-15 22:51:57 -0500},
	Date-Modified = {2019-03-15 22:51:57 -0500},
	Journal = {Annals of Mathematical Statistics},
	Pages = {355--74},
	Title = {New Methods for Reasoning Towards Posterior Distributions Based on Sample Data},
	Volume = {37},
	Year = {1966}}

@book{SpohnLaws,
	Address = {Oxford},
	Author = {Spohn, Wolfgang},
	Date-Added = {2019-03-15 22:46:09 -0500},
	Date-Modified = {2019-03-15 22:46:09 -0500},
	Publisher = {Oxford University Press},
	Title = {The Laws of Belief: {R}anking {T}heory \& Its Philosophical Applications},
	Year = {2012}}

@article{TitelbaumTenReasons,
	Author = {Titelbaum, Michael G.},
	Date-Added = {2019-03-15 22:39:47 -0500},
	Date-Modified = {2019-03-15 22:39:47 -0500},
	Journal = {Philosophy Compass},
	Pages = {1003-17},
	Title = {Ten Reasons to Care About the {S}leeping {B}eauty {P}roblem},
	Volume = {8},
	Year = {2013}}

@article{ElgaBeauty,
	Author = {Elga, Adam},
	Date-Added = {2019-03-15 22:34:33 -0500},
	Date-Modified = {2019-03-15 22:34:33 -0500},
	Journal = {Analysis},
	Local-Url = {file://localhost/Users/michaeltitelbaum/Documents/Cal/Sleeping%20Beauty/relevant%20articles/Elga%20Beauty.pdf},
	Pages = {143--7},
	Title = {Self-locating Belief and the {S}leeping {B}eauty Problem},
	Volume = {60},
	Year = {2000},
	Bdsk-File-1 = {YnBsaXN0MDDSAQIDBFxyZWxhdGl2ZVBhdGhZYWxpYXNEYXRhXxBpLi4vLi4vbGFwdG9wIGJhY2t1cCA3IE5vdiAwOC9NaWtlJ3MgbG9naW4vRG9jdW1lbnRzL0NhbC9TbGVlcGluZyBCZWF1dHkvcmVsZXZhbnQgYXJ0aWNsZXMvRWxnYSBCZWF1dHkucGRmTxECQAAAAAACQAACAAAHUGhpbG9uZQAAAAAAAAAAAAAAAAAAAAAAAAAAw+PrVkgrAAAAEiYQD0VsZ2EgQmVhdXR5LnBkZgAAAAAAAAAAAAAAAAAAAAAAAAAAAAAAAAAAAAAAAAAAAAAAAAAAAAAAAAAAAAAAAAASJhrAMs5pUERGIENBUk8AAgAHAAAJIAAAAAAAAAAAAAAAAAAAABFyZWxldmFudCBhcnRpY2xlcwAAEAAIAADD41CmAAAAEQAIAADAMjO5AAAAAQAkABImEAASJIkAEiAwABIfjwASH44AEh+NAAqkywAKpLQAAHrcAAIAhlBoaWxvbmU6VXNlcnM6cGhpbG9zb3BoeTpEb2N1bWVudHM6bGFwdG9wIGJhY2t1cCA3IE5vdiAwODpNaWtlJ3MgbG9naW46RG9jdW1lbnRzOkNhbDpTbGVlcGluZyBCZWF1dHk6cmVsZXZhbnQgYXJ0aWNsZXM6RWxnYSBCZWF1dHkucGRmAA4AIAAPAEUAbABnAGEAIABCAGUAYQB1AHQAeQAuAHAAZABmAA8AEAAHAFAAaABpAGwAbwBuAGUAEgB+VXNlcnMvcGhpbG9zb3BoeS9Eb2N1bWVudHMvbGFwdG9wIGJhY2t1cCA3IE5vdiAwOC9NaWtlJ3MgbG9naW4vRG9jdW1lbnRzL0NhbC9TbGVlcGluZyBCZWF1dHkvcmVsZXZhbnQgYXJ0aWNsZXMvRWxnYSBCZWF1dHkucGRmABMAAS8AABUAAgAR//8AAAAIAA0AGgAkAJAAAAAAAAACAQAAAAAAAAAFAAAAAAAAAAAAAAAAAAAC1A==}}

@incollection{TitelbaumSelfLocating,
	Address = {Oxford},
	Author = {Titelbaum, Michael G.},
	Booktitle = {The {O}xford Handbook of Probability and Philosophy},
	Date-Added = {2019-03-15 22:32:44 -0500},
	Date-Modified = {2019-03-15 22:32:44 -0500},
	Editor = {H\'{a}jek, Alan and Hitchcock, Christopher R.},
	Pages = {666--680},
	Publisher = {Oxford University Press},
	Title = {Self-Locating Credences},
	Year = {2016}}

@article{LewisDeDicto,
	Author = {Lewis, David},
	Date-Added = {2019-03-15 22:25:17 -0500},
	Date-Modified = {2019-03-15 22:25:17 -0500},
	Journal = {The Philosophical Review},
	Pages = {513-543},
	Title = {Atittudes \emph{de dicto} and \emph{de se}},
	Volume = {88},
	Year = {1979}}

@article{ArntzeniusProblems,
	Author = {Arntzenius, Frank},
	Date-Added = {2019-03-15 21:28:52 -0500},
	Date-Modified = {2019-03-15 21:28:52 -0500},
	Journal = {The Journal of Philosophy},
	Local-Url = {file://localhost/Users/michaeltitelbaum/Documents/references/Arntzenius%20Some%20Problems.pdf},
	Pages = {356--370},
	Title = {Some Problems for Conditionalization and Reflection},
	Volume = {100},
	Year = {2003},
	Bdsk-File-1 = {YnBsaXN0MDDSAQIDBFxyZWxhdGl2ZVBhdGhZYWxpYXNEYXRhXxBbLi4vLi4vbGFwdG9wIGJhY2t1cCA3IE5vdiAwOC9NaWtlJ3MgbG9naW4vRG9jdW1lbnRzL3JlZmVyZW5jZXMvQXJudHplbml1cyBTb21lIFByb2JsZW1zLnBkZk8RAi4AAAAAAi4AAgAAB1BoaWxvbmUAAAAAAAAAAAAAAAAAAAAAAAAAAMPj61ZIKwAAABKbMhxBcm50emVuaXVzIFNvbWUgUHJvYmxlbXMucGRmAAAAAAAAAAAAAAAAAAAAAAAAAAAAAAAAAAAAAAAAAAAAAAAAEps1wfsMCAAAAAAAAAAAAAIABQAACSAAAAAAAAAAAAAAAAAAAAAKcmVmZXJlbmNlcwAQAAgAAMPjUKYAAAARAAgAAMH6cVgAAAABABwAEpsyABIfjwASH44AEh+NAAqkywAKpLQAAHrcAAIAeFBoaWxvbmU6VXNlcnM6cGhpbG9zb3BoeTpEb2N1bWVudHM6bGFwdG9wIGJhY2t1cCA3IE5vdiAwODpNaWtlJ3MgbG9naW46RG9jdW1lbnRzOnJlZmVyZW5jZXM6QXJudHplbml1cyBTb21lIFByb2JsZW1zLnBkZgAOADoAHABBAHIAbgB0AHoAZQBuAGkAdQBzACAAUwBvAG0AZQAgAFAAcgBvAGIAbABlAG0AcwAuAHAAZABmAA8AEAAHAFAAaABpAGwAbwBuAGUAEgBwVXNlcnMvcGhpbG9zb3BoeS9Eb2N1bWVudHMvbGFwdG9wIGJhY2t1cCA3IE5vdiAwOC9NaWtlJ3MgbG9naW4vRG9jdW1lbnRzL3JlZmVyZW5jZXMvQXJudHplbml1cyBTb21lIFByb2JsZW1zLnBkZgATAAEvAAAVAAIAEf//AAAACAANABoAJACCAAAAAAAAAgEAAAAAAAAABQAAAAAAAAAAAAAAAAAAArQ=}}

@article{LeviDemons,
	Author = {Levi, Isaac},
	Date-Added = {2019-03-15 21:24:42 -0500},
	Date-Modified = {2019-03-15 21:24:42 -0500},
	Journal = {The Monist},
	Local-Url = {file://localhost/Users/michaeltitelbaum/Documents/references/Levi%20Demons%20of%20Decision.pdf},
	Pages = {193--211},
	Title = {The Demons of Decision},
	Volume = {70},
	Year = {1987},
	Bdsk-File-1 = {YnBsaXN0MDDSAQIDBFxyZWxhdGl2ZVBhdGhZYWxpYXNEYXRhXxBaLi4vLi4vbGFwdG9wIGJhY2t1cCA3IE5vdiAwOC9NaWtlJ3MgbG9naW4vRG9jdW1lbnRzL3JlZmVyZW5jZXMvTGV2aSBEZW1vbnMgb2YgRGVjaXNpb24ucGRmTxECLAAAAAACLAACAAAHUGhpbG9uZQAAAAAAAAAAAAAAAAAAAAAAAAAAw+PrVkgrAAAAEpsyG0xldmkgRGVtb25zIG9mIERlY2lzaW9uLnBkZgAAAAAAAAAAAAAAAAAAAAAAAAAAAAAAAAAAAAAAAAAAAAAAAAASm13Ca4JDUERGIENBUk8AAgAFAAAJIAAAAAAAAAAAAAAAAAAAAApyZWZlcmVuY2VzABAACAAAw+NQpgAAABEACAAAwmr1owAAAAEAHAASmzIAEh+PABIfjgASH40ACqTLAAqktAAAetwAAgB3UGhpbG9uZTpVc2VyczpwaGlsb3NvcGh5OkRvY3VtZW50czpsYXB0b3AgYmFja3VwIDcgTm92IDA4Ok1pa2UncyBsb2dpbjpEb2N1bWVudHM6cmVmZXJlbmNlczpMZXZpIERlbW9ucyBvZiBEZWNpc2lvbi5wZGYAAA4AOAAbAEwAZQB2AGkAIABEAGUAbQBvAG4AcwAgAG8AZgAgAEQAZQBjAGkAcwBpAG8AbgAuAHAAZABmAA8AEAAHAFAAaABpAGwAbwBuAGUAEgBvVXNlcnMvcGhpbG9zb3BoeS9Eb2N1bWVudHMvbGFwdG9wIGJhY2t1cCA3IE5vdiAwOC9NaWtlJ3MgbG9naW4vRG9jdW1lbnRzL3JlZmVyZW5jZXMvTGV2aSBEZW1vbnMgb2YgRGVjaXNpb24ucGRmAAATAAEvAAAVAAIAEf//AAAACAANABoAJACBAAAAAAAAAgEAAAAAAAAABQAAAAAAAAAAAAAAAAAAArE=}}

@article{MaherSubjectiveObjective,
	Author = {Maher, Patrick},
	Date-Added = {2019-03-14 10:23:22 -0500},
	Date-Modified = {2019-03-14 10:23:22 -0500},
	Journal = {Philosophy of Science},
	Pages = {149--74},
	Title = {Subjective and Objective Confirmation},
	Volume = {63},
	Year = {1996}}

@book{EarmanBayes,
	Address = {Cambridge, MA},
	Author = {Earman, John},
	Date-Added = {2019-03-14 10:13:36 -0500},
	Date-Modified = {2019-03-14 10:13:36 -0500},
	Publisher = {The MIT Press},
	Title = {Bayes or Bust?\ {A} Critical Examination of {B}ayesian Confirmation Theory},
	Year = {1992}}

@article{ZyndaOld,
	Author = {Zynda, Lyle},
	Date-Added = {2019-03-12 12:41:18 -0500},
	Date-Modified = {2019-03-12 12:41:18 -0500},
	Journal = {Philosophical Studies},
	Pages = {67--95},
	Title = {Old Evidence and New Theories},
	Volume = {77},
	Year = {1995}}

@article{EellsOldEvidence,
	Author = {Eells, Ellery},
	Date-Added = {2019-03-12 12:40:31 -0500},
	Date-Modified = {2019-03-12 12:40:31 -0500},
	Journal = {Pacific Philosophical Quarterly},
	Local-Url = {file://localhost/Users/michaeltitelbaum/Documents/references/EellsOldEvidence.pdf},
	Pages = {283--302},
	Title = {Problems of Old Evidence},
	Volume = {66},
	Year = {1985},
	Bdsk-File-1 = {YnBsaXN0MDDSAQIDBFxyZWxhdGl2ZVBhdGhZYWxpYXNEYXRhXxBTLi4vLi4vbGFwdG9wIGJhY2t1cCA3IE5vdiAwOC9NaWtlJ3MgbG9naW4vRG9jdW1lbnRzL3JlZmVyZW5jZXMvRWVsbHNPbGRFdmlkZW5jZS5wZGZPEQIOAAAAAAIOAAIAAAdQaGlsb25lAAAAAAAAAAAAAAAAAAAAAAAAAADD4+tWSCsAAAASmzIURWVsbHNPbGRFdmlkZW5jZS5wZGYAAAAAAAAAAAAAAAAAAAAAAAAAAAAAAAAAAAAAAAAAAAAAAAAAAAAAAAAAABKbP8QvYXJQREYgQ0FSTwACAAUAAAkgAAAAAAAAAAAAAAAAAAAACnJlZmVyZW5jZXMAEAAIAADD41CmAAAAEQAIAADELtTSAAAAAQAcABKbMgASH48AEh+OABIfjQAKpMsACqS0AAB63AACAHBQaGlsb25lOlVzZXJzOnBoaWxvc29waHk6RG9jdW1lbnRzOmxhcHRvcCBiYWNrdXAgNyBOb3YgMDg6TWlrZSdzIGxvZ2luOkRvY3VtZW50czpyZWZlcmVuY2VzOkVlbGxzT2xkRXZpZGVuY2UucGRmAA4AKgAUAEUAZQBsAGwAcwBPAGwAZABFAHYAaQBkAGUAbgBjAGUALgBwAGQAZgAPABAABwBQAGgAaQBsAG8AbgBlABIAaFVzZXJzL3BoaWxvc29waHkvRG9jdW1lbnRzL2xhcHRvcCBiYWNrdXAgNyBOb3YgMDgvTWlrZSdzIGxvZ2luL0RvY3VtZW50cy9yZWZlcmVuY2VzL0VlbGxzT2xkRXZpZGVuY2UucGRmABMAAS8AABUAAgAR//8AAAAIAA0AGgAkAHoAAAAAAAACAQAAAAAAAAAFAAAAAAAAAAAAAAAAAAACjA==}}

@article{ChristensenMeasuring,
	Author = {Christensen, David},
	Date-Added = {2019-03-12 12:38:42 -0500},
	Date-Modified = {2019-03-12 12:38:42 -0500},
	Journal = {The Journal of Philosophy},
	Pages = {437--61},
	Title = {Measuring Confirmation},
	Volume = {96},
	Year = {1999}}

@book{GlymourTheory,
	Address = {Princeton, NJ},
	Author = {Glymour, Clark},
	Date-Added = {2019-03-12 12:30:54 -0500},
	Date-Modified = {2019-03-12 12:30:54 -0500},
	Publisher = {Princeton University Press},
	Title = {Theory and Evidence},
	Year = {1980}}

@article{EaswaranHyper,
	Author = {Easwaran, Kenny},
	Date-Added = {2019-03-11 20:43:10 -0500},
	Date-Modified = {2019-03-11 20:43:10 -0500},
	Journal = {Philosophical Review},
	Pages = {1--41},
	Title = {Regularity and Hyperreal Credences},
	Volume = {123},
	Year = {2014}}

@article{WilliamsonInfinite,
	Author = {Williamson, Timothy},
	Date-Added = {2019-03-11 20:42:48 -0500},
	Date-Modified = {2019-03-11 20:42:48 -0500},
	Journal = {Analysis},
	Pages = {173--80},
	Title = {How Probable Is an Infinite Sequence of Heads?},
	Volume = {67},
	Year = {2007}}

@article{SeidenfeldNonconglomerability,
	Author = {Seidenfeld, Teddy and Schervish, M. J. and Kadane, J.B.},
	Date-Added = {2019-03-11 20:26:06 -0500},
	Date-Modified = {2019-03-11 20:26:06 -0500},
	Title = {Non-Con\-glom\-er\-a\-bility for Countably Additive Measures that are Not {$\kappa$}-Additive},
	Year = {manuscript}}

@article{LittlejohnSense,
	Author = {Littlejohn, Clayton},
	Date-Added = {2019-03-09 16:59:59 -0600},
	Date-Modified = {2019-03-09 17:00:53 -0600},
	journal = {Philosophy and Phenomenological Research},
	Title = {Stop Making Sense? {O}n a Puzzle About Rationality},
	Volume = {96},
	Number = {2},
	Pages = {257--272},
	Year = {2018}}

@incollection{TitelbaumRight,
	Author = {Titelbaum, Michael G.},
	Booktitle = {Oxford Studies in Epistemology},
	Date-Added = {2019-03-09 16:59:19 -0600},
	Date-Modified = {2019-03-09 16:59:19 -0600},
	Editor = {Gendler, Tamar Szab\'{o} and Hawthorne, John},
	Pages = {253--94},
	Publisher = {Oxford University Press},
	Title = {Rationality's Fixed Point (Or:\ {I}n Defense of Right Reason)},
	Volume = {5},
	Year = {2015}}

@article{SmithiesIdeal,
	Author = {Smithies, Declan},
	Date-Added = {2019-03-09 16:58:38 -0600},
	Date-Modified = {2019-03-09 16:58:38 -0600},
	Journal = {Synthese},
	Pages = {2769--93},
	Title = {Ideal Rationality and Logical Omniscience},
	Volume = {192},
	Year = {2015}}

@incollection{Garber,
	Address = {Minneapolis},
	Author = {Garber, Daniel},
	Booktitle = {Testing Scientific Theories},
	Date-Added = {2019-03-09 16:45:36 -0600},
	Date-Modified = {2019-03-09 16:45:36 -0600},
	Editor = {Earman, John},
	Local-Url = {file://localhost/Users/michaeltitelbaum/Documents/references/Garber%20Old%20Evidence.pdf},
	Pages = {99--132},
	Publisher = {University of Minnesota Press},
	Series = {Minnesota Studies in the Philosophy of Science},
	Title = {Old Evidence and Logical Omniscience in {B}ayesian Confirmation Theory},
	Volume = {10},
	Year = {1983},
	Bdsk-File-1 = {YnBsaXN0MDDSAQIDBFxyZWxhdGl2ZVBhdGhZYWxpYXNEYXRhXxBWLi4vLi4vbGFwdG9wIGJhY2t1cCA3IE5vdiAwOC9NaWtlJ3MgbG9naW4vRG9jdW1lbnRzL3JlZmVyZW5jZXMvR2FyYmVyIE9sZCBFdmlkZW5jZS5wZGZPEQIcAAAAAAIcAAIAAAdQaGlsb25lAAAAAAAAAAAAAAAAAAAAAAAAAADD4+tWSCsAAAASmzIXR2FyYmVyIE9sZCBFdmlkZW5jZS5wZGYAAAAAAAAAAAAAAAAAAAAAAAAAAAAAAAAAAAAAAAAAAAAAAAAAAAAAABKbScQuSxJQREYgQ0FSTwACAAUAAAkgAAAAAAAAAAAAAAAAAAAACnJlZmVyZW5jZXMAEAAIAADD41CmAAAAEQAIAADELb5yAAAAAQAcABKbMgASH48AEh+OABIfjQAKpMsACqS0AAB63AACAHNQaGlsb25lOlVzZXJzOnBoaWxvc29waHk6RG9jdW1lbnRzOmxhcHRvcCBiYWNrdXAgNyBOb3YgMDg6TWlrZSdzIGxvZ2luOkRvY3VtZW50czpyZWZlcmVuY2VzOkdhcmJlciBPbGQgRXZpZGVuY2UucGRmAAAOADAAFwBHAGEAcgBiAGUAcgAgAE8AbABkACAARQB2AGkAZABlAG4AYwBlAC4AcABkAGYADwAQAAcAUABoAGkAbABvAG4AZQASAGtVc2Vycy9waGlsb3NvcGh5L0RvY3VtZW50cy9sYXB0b3AgYmFja3VwIDcgTm92IDA4L01pa2UncyBsb2dpbi9Eb2N1bWVudHMvcmVmZXJlbmNlcy9HYXJiZXIgT2xkIEV2aWRlbmNlLnBkZgAAEwABLwAAFQACABH//wAAAAgADQAaACQAfQAAAAAAAAIBAAAAAAAAAAUAAAAAAAAAAAAAAAAAAAKd}}

@unpublished{BjerringSkipperJoe,
	Author = {Bjerring, Jens Christian and Skipper, Mattias},
	Date-Added = {2019-03-09 16:42:06 -0600},
	Date-Modified = {2019-03-09 16:42:06 -0600},
	Note = {Unpublished manuscript.},
	Title = {Bayesianism for Average {J}oe},
	Year = {manuscript}}

@article{HintikkaImpossible,
	Author = {Hintikka, Jaakko},
	Date-Added = {2019-03-09 16:38:26 -0600},
	Date-Modified = {2019-03-09 16:38:26 -0600},
	Journal = {Journal of Philosophical Logic},
	Pages = {475--84},
	Title = {Impossible Possible Worlds Vindicated},
	Volume = {4},
	Year = {1975}}

@article{HackingMoreRealistic,
	Author = {Hacking, Ian},
	Date-Added = {2019-03-09 16:32:39 -0600},
	Date-Modified = {2019-03-09 16:32:39 -0600},
	Journal = {Philosophy of Science},
	Local-Url = {file://localhost/Users/michaeltitelbaum/Documents/references/Hacking%20Slightly%20More%20Realistic.pdf},
	Pages = {311--325},
	Title = {Slightly More Realistic Personal Probability},
	Volume = {34},
	Year = {1967},
	Bdsk-File-1 = {YnBsaXN0MDDSAQIDBFxyZWxhdGl2ZVBhdGhZYWxpYXNEYXRhXxBiLi4vLi4vbGFwdG9wIGJhY2t1cCA3IE5vdiAwOC9NaWtlJ3MgbG9naW4vRG9jdW1lbnRzL3JlZmVyZW5jZXMvSGFja2luZyBTbGlnaHRseSBNb3JlIFJlYWxpc3RpYy5wZGZPEQJIAAAAAAJIAAIAAAdQaGlsb25lAAAAAAAAAAAAAAAAAAAAAAAAAADD4+tWSCsAAAASmzIfSGFja2luZyBTbGlnaHRseSBNb3IjMTI5QjRCLnBkZgAAAAAAAAAAAAAAAAAAAAAAAAAAAAAAAAAAAAAAAAAAABKbS8HTldgAAAAAAAAAAAACAAUAAAkgAAAAAAAAAAAAAAAAAAAACnJlZmVyZW5jZXMAEAAIAADD41CmAAAAEQAIAADB0vsoAAAAAQAcABKbMgASH48AEh+OABIfjQAKpMsACqS0AAB63AACAHtQaGlsb25lOlVzZXJzOnBoaWxvc29waHk6RG9jdW1lbnRzOmxhcHRvcCBiYWNrdXAgNyBOb3YgMDg6TWlrZSdzIGxvZ2luOkRvY3VtZW50czpyZWZlcmVuY2VzOkhhY2tpbmcgU2xpZ2h0bHkgTW9yIzEyOUI0Qi5wZGYAAA4ASAAjAEgAYQBjAGsAaQBuAGcAIABTAGwAaQBnAGgAdABsAHkAIABNAG8AcgBlACAAUgBlAGEAbABpAHMAdABpAGMALgBwAGQAZgAPABAABwBQAGgAaQBsAG8AbgBlABIAd1VzZXJzL3BoaWxvc29waHkvRG9jdW1lbnRzL2xhcHRvcCBiYWNrdXAgNyBOb3YgMDgvTWlrZSdzIGxvZ2luL0RvY3VtZW50cy9yZWZlcmVuY2VzL0hhY2tpbmcgU2xpZ2h0bHkgTW9yZSBSZWFsaXN0aWMucGRmAAATAAEvAAAVAAIAEf//AAAACAANABoAJACJAAAAAAAAAgEAAAAAAAAABQAAAAAAAAAAAAAAAAAAAtU=}}

@article{TalbottTwoPrinciples,
	Author = {Talbott, W. J.},
	Date-Added = {2019-03-09 14:54:02 -0600},
	Date-Modified = {2019-03-09 14:54:02 -0600},
	Journal = {Philosophical Studies},
	Local-Url = {file://localhost/Users/michaeltitelbaum/Documents/references/Talbott%20Two%20Principles.pdf},
	Pages = {135--150},
	Title = {Two Principles of {B}ayesian Epistemology},
	Volume = {62},
	Year = {1991},
	Bdsk-File-1 = {YnBsaXN0MDDSAQIDBFxyZWxhdGl2ZVBhdGhZYWxpYXNEYXRhXxBZLi4vLi4vbGFwdG9wIGJhY2t1cCA3IE5vdiAwOC9NaWtlJ3MgbG9naW4vRG9jdW1lbnRzL3JlZmVyZW5jZXMvVGFsYm90dCBUd28gUHJpbmNpcGxlcy5wZGZPEQImAAAAAAImAAIAAAdQaGlsb25lAAAAAAAAAAAAAAAAAAAAAAAAAADD4+tWSCsAAAASmzIaVGFsYm90dCBUd28gUHJpbmNpcGxlcy5wZGYAAAAAAAAAAAAAAAAAAAAAAAAAAAAAAAAAAAAAAAAAAAAAAAAAABKbesHTXNcAAAAAAAAAAAACAAUAAAkgAAAAAAAAAAAAAAAAAAAACnJlZmVyZW5jZXMAEAAIAADD41CmAAAAEQAIAADB0sInAAAAAQAcABKbMgASH48AEh+OABIfjQAKpMsACqS0AAB63AACAHZQaGlsb25lOlVzZXJzOnBoaWxvc29waHk6RG9jdW1lbnRzOmxhcHRvcCBiYWNrdXAgNyBOb3YgMDg6TWlrZSdzIGxvZ2luOkRvY3VtZW50czpyZWZlcmVuY2VzOlRhbGJvdHQgVHdvIFByaW5jaXBsZXMucGRmAA4ANgAaAFQAYQBsAGIAbwB0AHQAIABUAHcAbwAgAFAAcgBpAG4AYwBpAHAAbABlAHMALgBwAGQAZgAPABAABwBQAGgAaQBsAG8AbgBlABIAblVzZXJzL3BoaWxvc29waHkvRG9jdW1lbnRzL2xhcHRvcCBiYWNrdXAgNyBOb3YgMDgvTWlrZSdzIGxvZ2luL0RvY3VtZW50cy9yZWZlcmVuY2VzL1RhbGJvdHQgVHdvIFByaW5jaXBsZXMucGRmABMAAS8AABUAAgAR//8AAAAIAA0AGgAkAIAAAAAAAAACAQAAAAAAAAAFAAAAAAAAAAAAAAAAAAACqg==}}

@book{HarmanChange,
	Address = {Boston},
	Author = {Harman, Gilbert},
	Date-Added = {2019-03-09 14:25:02 -0600},
	Date-Modified = {2019-03-09 14:25:02 -0600},
	Local-Url = {file://localhost/Users/michaeltitelbaum/Documents/references/Harman%20Change%20In%20View.pdf},
	Publisher = {The MIT Press},
	Title = {Change in View},
	Year = {1986},
	Bdsk-File-1 = {YnBsaXN0MDDSAQIDBFxyZWxhdGl2ZVBhdGhZYWxpYXNEYXRhXxBYLi4vLi4vbGFwdG9wIGJhY2t1cCA3IE5vdiAwOC9NaWtlJ3MgbG9naW4vRG9jdW1lbnRzL3JlZmVyZW5jZXMvSGFybWFuIENoYW5nZSBJbiBWaWV3LnBkZk8RAiQAAAAAAiQAAgAAB1BoaWxvbmUAAAAAAAAAAAAAAAAAAAAAAAAAAMPj61ZIKwAAABKbMhlIYXJtYW4gQ2hhbmdlIEluIFZpZXcucGRmAAAAAAAAAAAAAAAAAAAAAAAAAAAAAAAAAAAAAAAAAAAAAAAAAAAAEptRwmhpzVBERiBDQVJPAAIABQAACSAAAAAAAAAAAAAAAAAAAAAKcmVmZXJlbmNlcwAQAAgAAMPjUKYAAAARAAgAAMJn3S0AAAABABwAEpsyABIfjwASH44AEh+NAAqkywAKpLQAAHrcAAIAdVBoaWxvbmU6VXNlcnM6cGhpbG9zb3BoeTpEb2N1bWVudHM6bGFwdG9wIGJhY2t1cCA3IE5vdiAwODpNaWtlJ3MgbG9naW46RG9jdW1lbnRzOnJlZmVyZW5jZXM6SGFybWFuIENoYW5nZSBJbiBWaWV3LnBkZgAADgA0ABkASABhAHIAbQBhAG4AIABDAGgAYQBuAGcAZQAgAEkAbgAgAFYAaQBlAHcALgBwAGQAZgAPABAABwBQAGgAaQBsAG8AbgBlABIAbVVzZXJzL3BoaWxvc29waHkvRG9jdW1lbnRzL2xhcHRvcCBiYWNrdXAgNyBOb3YgMDgvTWlrZSdzIGxvZ2luL0RvY3VtZW50cy9yZWZlcmVuY2VzL0hhcm1hbiBDaGFuZ2UgSW4gVmlldy5wZGYAABMAAS8AABUAAgAR//8AAAAIAA0AGgAkAH8AAAAAAAACAQAAAAAAAAAFAAAAAAAAAAAAAAAAAAACpw==}}

@article{SavageDifficulties,
	Author = {Savage, Leonard J.},
	Date-Added = {2019-03-09 14:11:34 -0600},
	Date-Modified = {2019-03-09 14:11:34 -0600},
	Journal = {Philosophy of Science},
	Local-Url = {file://localhost/Users/michaeltitelbaum/Documents/references/Savage%20Difficulties.pdf},
	Pages = {305--310},
	Title = {Difficulties in the Theory of Personal Probability},
	Volume = {34},
	Year = {1967},
	Bdsk-File-1 = {YnBsaXN0MDDSAQIDBFxyZWxhdGl2ZVBhdGhZYWxpYXNEYXRhXxBWLi4vLi4vbGFwdG9wIGJhY2t1cCA3IE5vdiAwOC9NaWtlJ3MgbG9naW4vRG9jdW1lbnRzL3JlZmVyZW5jZXMvU2F2YWdlIERpZmZpY3VsdGllcy5wZGZPEQIcAAAAAAIcAAIAAAdQaGlsb25lAAAAAAAAAAAAAAAAAAAAAAAAAADD4+tWSCsAAAASmzIXU2F2YWdlIERpZmZpY3VsdGllcy5wZGYAAAAAAAAAAAAAAAAAAAAAAAAAAAAAAAAAAAAAAAAAAAAAAAAAAAAAABKbccIFrcYAAAAAAAAAAAACAAUAAAkgAAAAAAAAAAAAAAAAAAAACnJlZmVyZW5jZXMAEAAIAADD41CmAAAAEQAIAADCBRMWAAAAAQAcABKbMgASH48AEh+OABIfjQAKpMsACqS0AAB63AACAHNQaGlsb25lOlVzZXJzOnBoaWxvc29waHk6RG9jdW1lbnRzOmxhcHRvcCBiYWNrdXAgNyBOb3YgMDg6TWlrZSdzIGxvZ2luOkRvY3VtZW50czpyZWZlcmVuY2VzOlNhdmFnZSBEaWZmaWN1bHRpZXMucGRmAAAOADAAFwBTAGEAdgBhAGcAZQAgAEQAaQBmAGYAaQBjAHUAbAB0AGkAZQBzAC4AcABkAGYADwAQAAcAUABoAGkAbABvAG4AZQASAGtVc2Vycy9waGlsb3NvcGh5L0RvY3VtZW50cy9sYXB0b3AgYmFja3VwIDcgTm92IDA4L01pa2UncyBsb2dpbi9Eb2N1bWVudHMvcmVmZXJlbmNlcy9TYXZhZ2UgRGlmZmljdWx0aWVzLnBkZgAAEwABLwAAFQACABH//wAAAAgADQAaACQAfQAAAAAAAAIBAAAAAAAAAAUAAAAAAAAAAAAAAAAAAAKd}}

@article{Predd,
	Author = {Predd, J. and Seiringer, R. and Lieb, E.H. and Osherson, D. and Poor, V. and Kulkarni, S.},
	Date-Added = {2019-03-09 13:40:14 -0600},
	Date-Modified = {2019-03-09 13:40:14 -0600},
	Journal = {IEEE Transactions on Information Theory},
	Pages = {4786--4792},
	Title = {Probabilistic Coherence and Proper Scoring Rules},
	Volume = {55},
	Year = {2009}}

@article{LewisImmodest,
	Author = {Lewis, David},
	Date-Added = {2019-03-09 13:32:26 -0600},
	Date-Modified = {2019-03-09 13:32:26 -0600},
	Journal = {Philosophy of Science},
	Pages = {54--63},
	Title = {Immodest Inductive Methods},
	Volume = {38},
	Year = {1971}}

@article{BerkerTeleology,
	Author = {Berker, Selim},
	Date-Added = {2019-03-09 13:06:34 -0600},
	Date-Modified = {2019-03-09 13:06:34 -0600},
	Journal = {Philosophical Review},
	Pages = {337--93},
	Title = {Epistemic Teleology and the Separateness of Propositions},
	Volume = {122},
	Year = {2013}}

@article{CarrEUT,
	Author = {Carr, Jennifer Rose},
	Date-Added = {2019-03-09 13:06:15 -0600},
	Date-Modified = {2019-05-10 13:52:47 -0500},
	Journal = {Philosophy and Phenomenological Research},
	Pages = {511-34},
	Title = {Epistemic Utility Theory and the Aim of Belief},
	Volume = {95},
	Year = {2017}}

@article{GreavesEDT,
	Author = {Greaves, Hilary},
	Date-Added = {2019-03-09 13:05:59 -0600},
	Date-Modified = {2019-03-09 13:05:59 -0600},
	Journal = {Mind},
	Pages = {915--52},
	Title = {Epistemic Decision Theory},
	Volume = {122},
	Year = {2013}}

@article{PettigrewIndifference,
	Author = {Pettigrew, Richard},
	Date-Added = {2019-03-09 12:57:39 -0600},
	Date-Modified = {2019-03-09 12:57:39 -0600},
	Journal = {Philosophy and Phenomenological Research},
	Title = {Accuracy, Risk, and the {P}rinciple of {I}ndifference},
	Volume = {90},
	Year = {2014}}

@article{EaswaranExpected,
	Author = {Easwaran, Kenny},
	Date-Added = {2019-03-09 12:57:16 -0600},
	Date-Modified = {2019-03-09 12:57:16 -0600},
	Journal = {Philosophy of Science},
	Pages = {119--142},
	Title = {Expected Accuracy Supports Conditionalization---and Conglomerability and Reflection},
	Volume = {80},
	Year = {2013}}

@article{PettigrewPrincipal,
	Author = {Pettigrew, Richard},
	Date-Added = {2019-03-09 12:56:48 -0600},
	Date-Modified = {2019-03-09 12:56:48 -0600},
	Journal = {Episteme},
	Pages = {19--35},
	Title = {A New Epistemic Utility Argument for the {P}rincipal {P}rinciple},
	Volume = {10},
	Year = {2013}}

@article{GreavesWallace,
	Author = {Greaves, Hilary and Wallace, David},
	Date-Added = {2019-03-09 12:55:59 -0600},
	Date-Modified = {2019-03-09 12:55:59 -0600},
	Journal = {Mind},
	Pages = {607--632},
	Title = {Justifying Conditionalization:\ {C}onditionalization Maximizes Expected Epistemic Utility},
	Volume = {115},
	Year = {2006}}

@article{BriggsPettigrew,
	Author = {Briggs, R.A. and Pettigrew, Richard},
	Date-Added = {2019-03-09 12:54:56 -0600},
	Date-Modified = {2019-03-09 12:55:40 -0600},
	Journal = {No\^{u}s},
	Title = {An Accuracy-Dominance Argument for {C}onditionalization},
	Year = {forthcoming}}

@article{Brier,
	Author = {Brier, George},
	Date-Added = {2019-03-09 12:42:53 -0600},
	Date-Modified = {2019-03-09 12:42:53 -0600},
	Journal = {Monthly Weather Review},
	Pages = {1--3},
	Title = {Verification of Forecasts Expressed in Terms of Probability},
	Volume = {78},
	Year = {1950}}

@incollection{ShimonyAdamite,
	Address = {Dordrecht},
	Author = {Shimony, Abner},
	Booktitle = {Probability and Causality},
	Date-Added = {2019-03-09 12:20:33 -0600},
	Date-Modified = {2019-03-09 12:20:33 -0600},
	Editor = {Fetzer, J.H.},
	Pages = {151--161},
	Publisher = {Reidel},
	Title = {An {A}damite Derivation of the Calculus of Probability},
	Year = {1988}}

@incollection{vanFraassenCalibration,
	Address = {Dordrecht},
	Author = {{van Fraassen}, Bas C.},
	Booktitle = {Physics Philosophy and Psychoanalysis},
	Date-Added = {2019-03-09 12:20:13 -0600},
	Date-Modified = {2019-03-09 12:20:13 -0600},
	Editor = {Cohen, R. and Laudan, L.},
	Pages = {295--319},
	Publisher = {Reidel},
	Title = {Calibration: {A} Frequency Justification for Personal Probability},
	Year = {1983}}

@book{RosenkrantzFoundations,
	Address = {Atascadero, CA},
	Author = {Rosenkrantz, Roger},
	Date-Added = {2019-03-09 12:15:18 -0600},
	Date-Modified = {2019-03-09 12:15:18 -0600},
	Publisher = {Ridgeview Press},
	Title = {Foundations and Applications of Inductive Probability},
	Year = {1981}}

@book{deFinettiTheory,
	Address = {New York},
	Author = {de Finetti, Bruno},
	Date-Added = {2019-03-09 12:14:55 -0600},
	Date-Modified = {2019-03-09 12:14:55 -0600},
	Publisher = {Wiley},
	Title = {Theory of Probability},
	Volume = {1},
	Year = {1974}}

@article{JoyceNonpragmatic,
	Author = {Joyce, James M.},
	Date-Added = {2019-03-09 12:12:15 -0600},
	Date-Modified = {2019-03-09 12:12:15 -0600},
	Journal = {Philosophy of Science},
	Pages = {575--603},
	Title = {A Nonpragmatic Vindication of Probabilism},
	Volume = {65},
	Year = {1998}}

@book{HowsonUrbach,
	Address = {Chicago},
	Author = {Howson, Colin and Urbach, Peter},
	Date-Added = {2019-03-02 16:07:09 -0600},
	Date-Modified = {2019-03-02 16:07:09 -0600},
	Edition = {3rd},
	Publisher = {Open Court},
	Title = {Scientific Reasoning:\ {T}he {B}ayesian Approach},
	Year = {2006}}

@book{ChristensenPlace,
	Address = {Oxford},
	Author = {Christensen, David},
	Date-Added = {2019-03-02 16:06:50 -0600},
	Date-Modified = {2019-03-02 16:06:50 -0600},
	Publisher = {Oxford University Press},
	Title = {Putting Logic in its Place},
	Year = {2004}}

@article{ArmendtDutch,
	Author = {Armendt, Brad},
	Date-Added = {2019-03-02 16:05:50 -0600},
	Date-Modified = {2019-03-02 16:05:50 -0600},
	Journal = {PSA: Proceedings of the Biennial Meeting of the Philosophy of Science Association},
	Pages = {217--229},
	Title = {Dutch Strategies for Diachronic Rules:\ {W}hen Believers See the Sure Loss Coming},
	Volume = {1},
	Year = {1992}}

@incollection{SkyrmsCoherence,
	Address = {Pittsburgh},
	Author = {Skyrms, Brian},
	Booktitle = {Scientific Inquiry in Philosophical Perspective},
	Date-Added = {2019-03-02 16:04:19 -0600},
	Date-Modified = {2019-03-02 16:04:19 -0600},
	Editor = {N. Rescher},
	Pages = {225--42},
	Publisher = {University of Pittsburgh Press},
	Title = {Coherence},
	Year = {1987}}

@article{SkyrmsDynamic,
	Author = {Skyrms, Brian},
	Date-Added = {2019-03-02 15:53:19 -0600},
	Date-Modified = {2019-03-02 15:53:19 -0600},
	Journal = {Philosophy of Science},
	Pages = {1--20},
	Title = {Dynamic Coherence and Probability Kinematics},
	Volume = {54},
	Year = {1987}}

@article{ArmendtKinematics,
	Author = {Armendt, Brad},
	Date-Added = {2019-03-02 15:53:08 -0600},
	Date-Modified = {2019-03-02 15:53:08 -0600},
	Journal = {Philosophy of Science},
	Pages = {583--588},
	Title = {Is There a {D}utch {B}ook Argument for Probability Kinematics?},
	Volume = {47},
	Year = {1980}}

@article{TellerCondObs,
	Author = {Teller, Paul},
	Date-Added = {2019-03-02 15:45:40 -0600},
	Date-Modified = {2019-03-02 15:45:40 -0600},
	Journal = {Synthese},
	Pages = {218--258},
	Title = {Conditionalization and Observation},
	Volume = {26},
	Year = {1973}}

@article{AdamsRational,
	Author = {Adams, Ernest},
	Date-Added = {2019-03-02 15:43:08 -0600},
	Date-Modified = {2019-03-02 15:43:08 -0600},
	Journal = {Archiv f\"{u}r mathematische Logik und Grundlagenforschung},
	Pages = {7--29},
	Title = {On Rational Betting Systems},
	Volume = {6},
	Year = {1962}}

@article{ShimonyAxioms,
	Author = {Shimony, Abner},
	Date-Added = {2019-03-02 15:42:47 -0600},
	Date-Modified = {2019-03-02 15:42:47 -0600},
	Journal = {Journal of Symbolic Logic},
	Pages = {1--28},
	Title = {Coherence and the Axioms of Confirmation},
	Volume = {20},
	Year = {1955}}

@article{KemenyFairBets,
	Author = {Kemeny, John G.},
	Date-Added = {2019-03-02 15:42:39 -0600},
	Date-Modified = {2019-03-02 15:42:39 -0600},
	Journal = {The Journal of Symbolic Logic},
	Local-Url = {file://localhost/Users/michaeltitelbaum/Documents/references/Kemeny%20Fair%20Bets.pdf},
	Pages = {263--273},
	Title = {Fair Bets and Inductive Probabilities},
	Volume = {20},
	Year = {1955},
	Bdsk-File-1 = {YnBsaXN0MDDSAQIDBFxyZWxhdGl2ZVBhdGhZYWxpYXNEYXRhXxBTLi4vLi4vbGFwdG9wIGJhY2t1cCA3IE5vdiAwOC9NaWtlJ3MgbG9naW4vRG9jdW1lbnRzL3JlZmVyZW5jZXMvS2VtZW55IEZhaXIgQmV0cy5wZGZPEQIOAAAAAAIOAAIAAAdQaGlsb25lAAAAAAAAAAAAAAAAAAAAAAAAAADD4+tWSCsAAAASmzIUS2VtZW55IEZhaXIgQmV0cy5wZGYAAAAAAAAAAAAAAAAAAAAAAAAAAAAAAAAAAAAAAAAAAAAAAAAAAAAAAAAAABKbVcHT9vsAAAAAAAAAAAACAAUAAAkgAAAAAAAAAAAAAAAAAAAACnJlZmVyZW5jZXMAEAAIAADD41CmAAAAEQAIAADB01xLAAAAAQAcABKbMgASH48AEh+OABIfjQAKpMsACqS0AAB63AACAHBQaGlsb25lOlVzZXJzOnBoaWxvc29waHk6RG9jdW1lbnRzOmxhcHRvcCBiYWNrdXAgNyBOb3YgMDg6TWlrZSdzIGxvZ2luOkRvY3VtZW50czpyZWZlcmVuY2VzOktlbWVueSBGYWlyIEJldHMucGRmAA4AKgAUAEsAZQBtAGUAbgB5ACAARgBhAGkAcgAgAEIAZQB0AHMALgBwAGQAZgAPABAABwBQAGgAaQBsAG8AbgBlABIAaFVzZXJzL3BoaWxvc29waHkvRG9jdW1lbnRzL2xhcHRvcCBiYWNrdXAgNyBOb3YgMDgvTWlrZSdzIGxvZ2luL0RvY3VtZW50cy9yZWZlcmVuY2VzL0tlbWVueSBGYWlyIEJldHMucGRmABMAAS8AABUAAgAR//8AAAAIAA0AGgAkAHoAAAAAAAACAQAAAAAAAAAFAAAAAAAAAAAAAAAAAAACjA==}}

@article{HowsonDutch,
	Author = {Howson, Colin},
	Date-Added = {2019-03-02 15:42:10 -0600},
	Date-Modified = {2019-03-02 15:42:10 -0600},
	Journal = {PSA: Proceedings of the Biennial Meeting of the Philosophy of Science Association},
	Pages = {161--8},
	Title = {Dutch {B}ook Arguments and Consistency},
	Volume = {2},
	Year = {1992}}

@incollection{deFinettiForesight,
	Address = {New York},
	Author = {{de Finetti}, Bruno},
	Booktitle = {Studies in Subjective Probability},
	Date-Added = {2019-03-02 15:33:43 -0600},
	Date-Modified = {2019-03-02 15:33:43 -0600},
	Editor = {Kyburg, Jr, Henry E. and Smokler, H.E.},
	Note = {Originally published as ``La pr\'{e}vision;\ ses lois logiques, ses sources subjectives'' in \emph{Annales de l'Institut Henri Poincar\'{e}}, Volume 7, 1--68.},
	Pages = {94--158},
	Publisher = {Wiley},
	Title = {Foresight:\ {I}ts Logical Laws, its Subjective Sources},
	Year = {1937/1964}}

@book{BuchakRisk,
	Address = {Oxford},
	Author = {Buchak, Lara},
	Date-Added = {2019-03-02 15:01:29 -0600},
	Date-Modified = {2019-03-02 15:01:29 -0600},
	Publisher = {Oxford University Press},
	Title = {Risk and Rationality},
	Year = {2013}}

@article{Allais,
	Author = {Allais, Maurice},
	Date-Added = {2019-03-02 15:01:17 -0600},
	Date-Modified = {2019-03-02 15:01:17 -0600},
	Journal = {Econometrica},
	Pages = {503--46},
	Title = {Le {C}omportement de l'homme rationnel devant le risque:\ {C}ritique des postulates et axiomes de l'ecole {A}m\'{e}ricaine},
	Volume = {21},
	Year = {1953}}

@incollection{HajekArguments,
	Author = {H\'{a}jek, Alan},
	Booktitle = {Degrees of Belief},
	Date-Added = {2019-03-02 13:58:13 -0600},
	Date-Modified = {2019-03-02 13:58:13 -0600},
	Editor = {Huber, Franz and Schmidt-Petri, Christoph},
	Pages = {229--251},
	Publisher = {Springer},
	Series = {Synthese Library},
	Title = {Arguments For---Or Against---Probabilism?},
	Volume = {342},
	Year = {2009}}

@article{MeachamWeisberg,
	Author = {Meacham, Christopher J.G. and Weisberg, Jonathan},
	Date-Added = {2019-03-02 13:56:53 -0600},
	Date-Modified = {2019-03-02 13:56:53 -0600},
	Journal = {Australasian Journal of Philosophy},
	Pages = {641--663},
	Title = {Representation Theorems and the Foundations of Decision Theory},
	Volume = {89},
	Year = {2011}}

@article{ZyndaRepresentation,
	Author = {Zynda, Lyle},
	Date-Added = {2019-03-02 13:39:53 -0600},
	Date-Modified = {2019-03-02 13:39:53 -0600},
	Journal = {Philosophy of Science},
	Pages = {45--69},
	Title = {Representation Theorems and Realism About Degrees of Belief},
	Volume = {67},
	Year = {2000}}

@book{SuppesMetaphysics,
	Address = {Uppsala},
	Author = {Suppes, Patrick},
	Date-Added = {2019-03-02 13:28:12 -0600},
	Date-Modified = {2019-03-02 13:28:12 -0600},
	Publisher = {University of Uppsala Press},
	Title = {Probabilistic Metaphysics},
	Year = {1974}}

@book{SavageFoundations,
	Address = {New York},
	Author = {Savage, Leonard J.},
	Date-Added = {2019-03-02 13:25:31 -0600},
	Date-Modified = {2019-03-02 13:25:31 -0600},
	Publisher = {Wiley},
	Title = {The Foundations of Statistics},
	Year = {1954}}

@incollection{RamseyTruth,
	Address = {New York},
	Author = {Ramsey, Frank P.},
	Booktitle = {The Foundations of Mathematics and other Logic Essays},
	Date-Added = {2019-03-02 13:24:31 -0600},
	Date-Modified = {2019-03-02 13:24:31 -0600},
	Editor = {Braithwaite, R. B.},
	Pages = {156--198},
	Publisher = {Harcourt, Brace and Company},
	Title = {Truth and Probability},
	Year = {1931}}

@article{HajekReference,
	Author = {H\'{a}jek, Alan},
	Date-Added = {2019-03-02 11:32:04 -0600},
	Date-Modified = {2019-03-02 11:32:45 -0600},
	Journal = {Synthese},
	Pages = {563--85},
	Title = {The Reference Class Problem is Your Problem Too},
	Volume = {156},
	Year = {2007}}

@book{EellsDecision,
	Address = {Cambridge},
	Author = {Eells, Ellery},
	Date-Added = {2019-02-11 12:12:53 -0600},
	Date-Modified = {2019-02-11 12:12:53 -0600},
	Publisher = {Cambridge University Press},
	Series = {Cambridge Studies in Philosophy},
	Title = {Rational Decision and Causality},
	Year = {1982}}

@incollection{ChiharaQuine,
	Author = {Chihara, C.},
	Booktitle = {Midwest Studies in Philosophy 6:\ {F}oundations of Analytic Philosophy},
	Date-Added = {2019-02-11 12:12:34 -0600},
	Date-Modified = {2019-02-11 12:12:34 -0600},
	Editor = {French, P. and Wettstein, H. and Uehling, T.},
	Pages = {425--52},
	Publisher = {University of Minnesota Press},
	Title = {Quine and the Confirmational Paradoxes},
	Year = {1981}}

@book{GoodmanForecast,
	Address = {Cambridge, MA},
	Author = {Nelson Goodman},
	Date-Added = {2019-02-11 12:12:10 -0600},
	Date-Modified = {2019-02-11 12:12:10 -0600},
	Publisher = {Harvard University Press},
	Title = {Fact, Fiction, and Forecast},
	Year = {1955}}

@article{HawthorneFitelsonResolving,
	Author = {Hawthorne, James and Fitelson, Branden},
	Date-Added = {2019-02-11 12:11:40 -0600},
	Date-Modified = {2019-02-11 12:11:40 -0600},
	Journal = {Philosophy of Science},
	Pages = {505--514},
	Title = {Re-solving Irrelevant Conjunction with Probabilistic Independence},
	Volume = {71},
	Year = {2004}}

@article{FitelsonHawthorneRavens,
	Author = {Fitelson, Branden and Hawthorne, James},
	Booktitle = {The Place of Probability in Science},
	Date-Added = {2019-02-11 12:08:16 -0600},
	Date-Modified = {2019-02-11 12:08:16 -0600},
	Editor = {Eells, Ellery and Fetzer, J.},
	Journal = {Boston Studies in the Philosophy of Science},
	Title = {How {B}ayesian Confirmation Theory Handles the {P}aradox of the {R}avens},
	Volume = {284},
	Year = {2010}}

@article{HempelStudiesI,
	Author = {Carl G. Hempel},
	Date-Added = {2019-02-11 12:03:06 -0600},
	Date-Modified = {2019-02-11 12:03:06 -0600},
	Journal = {Mind},
	Local-Url = {file://localhost/Users/michaeltitelbaum/Documents/references/Hempel%20StudiesI.pdf},
	Pages = {1--26},
	Title = {Studies in the Logic of Confirmation ({I})},
	Volume = {54},
	Year = {1945},
	Bdsk-File-1 = {YnBsaXN0MDDSAQIDBFxyZWxhdGl2ZVBhdGhZYWxpYXNEYXRhXxBMLi4vLi4vaXRlbXMgZnJvbSB0aGUgMTE6NzowOCBiYWNrdXAvRG9jdW1lbnRzL3JlZmVyZW5jZXMvSGVtcGVsIFN0dWRpZXNJLnBkZk8RAjQAAAAAAjQAAgAADE1hY2ludG9zaCBIRAAAAAAAAAAAAAAAAAAAAMVtg+hIKwAAAAeaMBNIZW1wZWwgU3R1ZGllc0kucGRmAAAAAAAAAAAAAAAAAAAAAAAAAAAAAAAAAAAAAAAAAAAAAAAAAAAAAAAAAAAAB5pQwvsKZgAAAAAAAAAAAAIABAAACSAAAAAAAAAAAAAAAAAAAAAKcmVmZXJlbmNlcwAQAAgAAMVs6TgAAAARAAgAAML6fcYAAAABABwAB5owAAa6ZAAGuloABooBAAR1gAAEdXMAAGwIAAIAgU1hY2ludG9zaCBIRDpVc2VyczptaWNoYWVsdGl0ZWxiYXVtOkRvY3VtZW50czpNaWtlJ3Mgc3R1ZmY6aXRlbXMgZnJvbSB0aGUgMTEvNy8wOCBiYWNrdXA6RG9jdW1lbnRzOnJlZmVyZW5jZXM6SGVtcGVsIFN0dWRpZXNJLnBkZgAADgAoABMASABlAG0AcABlAGwAIABTAHQAdQBkAGkAZQBzAEkALgBwAGQAZgAPABoADABNAGEAYwBpAG4AdABvAHMAaAAgAEgARAASAHRVc2Vycy9taWNoYWVsdGl0ZWxiYXVtL0RvY3VtZW50cy9NaWtlJ3Mgc3R1ZmYvaXRlbXMgZnJvbSB0aGUgMTE6NzowOCBiYWNrdXAvRG9jdW1lbnRzL3JlZmVyZW5jZXMvSGVtcGVsIFN0dWRpZXNJLnBkZgATAAEvAAAVAAIAF///AAAACAANABoAJABzAAAAAAAAAgEAAAAAAAAABQAAAAAAAAAAAAAAAAAAAqs=}}

@book{CarnapLogicalSecond,
	Address = {Chicago},
	Author = {Carnap, Rudolf},
	Date-Added = {2019-02-11 11:40:23 -0600},
	Date-Modified = {2019-02-11 11:40:23 -0600},
	Edition = {2nd},
	Publisher = {University of Chicago Press},
	Title = {Logical Foundations of Probability},
	Year = {1962}}

@article{ElgaReflection,
	Author = {Elga, Adam},
	Date-Added = {2019-01-30 16:43:46 -0600},
	Date-Modified = {2019-01-30 16:43:46 -0600},
	Journal = {No\^{u}s},
	Local-Url = {file://localhost/Users/michaeltitelbaum/Documents/references/ElgaReflection.pdf},
	Pages = {478--502},
	Title = {Reflection and Disagreement},
	Volume = {41},
	Year = {2007},
	Bdsk-File-1 = {YnBsaXN0MDDSAQIDBFxyZWxhdGl2ZVBhdGhZYWxpYXNEYXRhXxBRLi4vLi4vbGFwdG9wIGJhY2t1cCA3IE5vdiAwOC9NaWtlJ3MgbG9naW4vRG9jdW1lbnRzL3JlZmVyZW5jZXMvRWxnYVJlZmxlY3Rpb24ucGRmTxECBgAAAAACBgACAAAHUGhpbG9uZQAAAAAAAAAAAAAAAAAAAAAAAAAAw+PrVkgrAAAAEpsyEkVsZ2FSZWZsZWN0aW9uLnBkZgAAAAAAAAAAAAAAAAAAAAAAAAAAAAAAAAAAAAAAAAAAAAAAAAAAAAAAAAAAAAASm0HC3yqEAAAAAAAAAAAAAgAFAAAJIAAAAAAAAAAAAAAAAAAAAApyZWZlcmVuY2VzABAACAAAw+NQpgAAABEACAAAwt6d5AAAAAEAHAASmzIAEh+PABIfjgASH40ACqTLAAqktAAAetwAAgBuUGhpbG9uZTpVc2VyczpwaGlsb3NvcGh5OkRvY3VtZW50czpsYXB0b3AgYmFja3VwIDcgTm92IDA4Ok1pa2UncyBsb2dpbjpEb2N1bWVudHM6cmVmZXJlbmNlczpFbGdhUmVmbGVjdGlvbi5wZGYADgAmABIARQBsAGcAYQBSAGUAZgBsAGUAYwB0AGkAbwBuAC4AcABkAGYADwAQAAcAUABoAGkAbABvAG4AZQASAGZVc2Vycy9waGlsb3NvcGh5L0RvY3VtZW50cy9sYXB0b3AgYmFja3VwIDcgTm92IDA4L01pa2UncyBsb2dpbi9Eb2N1bWVudHMvcmVmZXJlbmNlcy9FbGdhUmVmbGVjdGlvbi5wZGYAEwABLwAAFQACABH//wAAAAgADQAaACQAeAAAAAAAAAIBAAAAAAAAAAUAAAAAAAAAAAAAAAAAAAKC}}

@article{SeidenfeldEntropy,
	Author = {Seidenfeld, Teddy},
	Date-Added = {2019-01-30 16:25:40 -0600},
	Date-Modified = {2019-01-30 16:25:40 -0600},
	Journal = {Philosophy of Science},
	Pages = {467--491},
	Title = {Entropy and Uncertainty},
	Volume = {53},
	Year = {1986}}

@article{JaynesI,
	Author = {Jaynes, E. T.},
	Date-Added = {2019-01-30 16:23:37 -0600},
	Date-Modified = {2019-01-30 16:23:37 -0600},
	Journal = {Physical Review},
	Pages = {620--30},
	Title = {Information Theory and Statistical Mechanics I},
	Volume = {106},
	Year = {1957}}

@article{JaynesII,
	Author = {Jaynes, E. T.},
	Date-Added = {2019-01-30 16:23:37 -0600},
	Date-Modified = {2019-01-30 16:23:37 -0600},
	Journal = {Physical Review},
	Pages = {171--90},
	Title = {Information Theory and Statistical Mechanics II},
	Volume = {108},
	Year = {1957}}

@book{vanFraassenSymmetry,
	Address = {Oxford},
	Author = {{van Fraassen}, Bas C.},
	Date-Added = {2019-01-30 16:15:26 -0600},
	Date-Modified = {2019-01-30 16:15:58 -0600},
	Publisher = {Oxford University Press},
	Title = {Laws and Symmetry},
	Year = {1989}}

@article{WhitePermissiveness,
	Author = {White, Roger},
	Date-Added = {2019-01-30 15:59:17 -0600},
	Date-Modified = {2019-01-30 15:59:17 -0600},
	Journal = {Philosophical Perspectives},
	Local-Url = {file://localhost/Users/michaeltitelbaum/Documents/references/White%20Permissiveness.pdf},
	Pages = {445--459},
	Title = {Epistemic Permissiveness},
	Volume = {19},
	Year = {2005},
	Bdsk-File-1 = {YnBsaXN0MDDSAQIDBFxyZWxhdGl2ZVBhdGhZYWxpYXNEYXRhXxBXLi4vLi4vbGFwdG9wIGJhY2t1cCA3IE5vdiAwOC9NaWtlJ3MgbG9naW4vRG9jdW1lbnRzL3JlZmVyZW5jZXMvV2hpdGUgUGVybWlzc2l2ZW5lc3MucGRmTxECHgAAAAACHgACAAAHUGhpbG9uZQAAAAAAAAAAAAAAAAAAAAAAAAAAw+PrVkgrAAAAEpsyGFdoaXRlIFBlcm1pc3NpdmVuZXNzLnBkZgAAAAAAAAAAAAAAAAAAAAAAAAAAAAAAAAAAAAAAAAAAAAAAAAAAAAASm4TCLn88AAAAAAAAAAAAAgAFAAAJIAAAAAAAAAAAAAAAAAAAAApyZWZlcmVuY2VzABAACAAAw+NQpgAAABEACAAAwi3ynAAAAAEAHAASmzIAEh+PABIfjgASH40ACqTLAAqktAAAetwAAgB0UGhpbG9uZTpVc2VyczpwaGlsb3NvcGh5OkRvY3VtZW50czpsYXB0b3AgYmFja3VwIDcgTm92IDA4Ok1pa2UncyBsb2dpbjpEb2N1bWVudHM6cmVmZXJlbmNlczpXaGl0ZSBQZXJtaXNzaXZlbmVzcy5wZGYADgAyABgAVwBoAGkAdABlACAAUABlAHIAbQBpAHMAcwBpAHYAZQBuAGUAcwBzAC4AcABkAGYADwAQAAcAUABoAGkAbABvAG4AZQASAGxVc2Vycy9waGlsb3NvcGh5L0RvY3VtZW50cy9sYXB0b3AgYmFja3VwIDcgTm92IDA4L01pa2UncyBsb2dpbi9Eb2N1bWVudHMvcmVmZXJlbmNlcy9XaGl0ZSBQZXJtaXNzaXZlbmVzcy5wZGYAEwABLwAAFQACABH//wAAAAgADQAaACQAfgAAAAAAAAIBAAAAAAAAAAUAAAAAAAAAAAAAAAAAAAKg}}

@incollection{FeldmanDisagreements,
	Address = {Oxford},
	Author = {Feldman, Richard},
	Booktitle = {Philosophers without Gods: {M}editations on Atheism and the Secular Life},
	Date-Added = {2019-01-30 15:59:05 -0600},
	Date-Modified = {2019-01-30 15:59:05 -0600},
	Editor = {Antony, Louise M.},
	Local-Url = {file://localhost/Users/michaeltitelbaum/Documents/references/Feldman%20Disagreements.pdf},
	Publisher = {Oxford University Press},
	Title = {Reasonable Religious Disagreements},
	Year = {2007},
	Bdsk-File-1 = {YnBsaXN0MDDSAQIDBFxyZWxhdGl2ZVBhdGhZYWxpYXNEYXRhXxBYLi4vLi4vbGFwdG9wIGJhY2t1cCA3IE5vdiAwOC9NaWtlJ3MgbG9naW4vRG9jdW1lbnRzL3JlZmVyZW5jZXMvRmVsZG1hbiBEaXNhZ3JlZW1lbnRzLnBkZk8RAiQAAAAAAiQAAgAAB1BoaWxvbmUAAAAAAAAAAAAAAAAAAAAAAAAAAMPj61ZIKwAAABKbMhlGZWxkbWFuIERpc2FncmVlbWVudHMucGRmAAAAAAAAAAAAAAAAAAAAAAAAAAAAAAAAAAAAAAAAAAAAAAAAAAAAEptCwi53dgAAAAAAAAAAAAIABQAACSAAAAAAAAAAAAAAAAAAAAAKcmVmZXJlbmNlcwAQAAgAAMPjUKYAAAARAAgAAMIt6tYAAAABABwAEpsyABIfjwASH44AEh+NAAqkywAKpLQAAHrcAAIAdVBoaWxvbmU6VXNlcnM6cGhpbG9zb3BoeTpEb2N1bWVudHM6bGFwdG9wIGJhY2t1cCA3IE5vdiAwODpNaWtlJ3MgbG9naW46RG9jdW1lbnRzOnJlZmVyZW5jZXM6RmVsZG1hbiBEaXNhZ3JlZW1lbnRzLnBkZgAADgA0ABkARgBlAGwAZABtAGEAbgAgAEQAaQBzAGEAZwByAGUAZQBtAGUAbgB0AHMALgBwAGQAZgAPABAABwBQAGgAaQBsAG8AbgBlABIAbVVzZXJzL3BoaWxvc29waHkvRG9jdW1lbnRzL2xhcHRvcCBiYWNrdXAgNyBOb3YgMDgvTWlrZSdzIGxvZ2luL0RvY3VtZW50cy9yZWZlcmVuY2VzL0ZlbGRtYW4gRGlzYWdyZWVtZW50cy5wZGYAABMAAS8AABUAAgAR//8AAAAIAA0AGgAkAH8AAAAAAAACAQAAAAAAAAAFAAAAAAAAAAAAAAAAAAACpw==}}

@incollection{LewisASGTOC,
	Address = {Berkeley},
	Author = {Lewis, David},
	Booktitle = {Studies in Inductive Logic and Probability},
	Date-Added = {2016-08-29 20:11:32 +0000},
	Date-Modified = {2016-08-29 20:11:32 +0000},
	Editor = {Jeffrey, Richard C.},
	Local-Url = {file://localhost/Users/michaeltitelbaum/Documents/Cal/Sleeping%20Beauty/relevant%20articles/Lewis_asgtoc.pdf},
	Pages = {263--294},
	Publisher = {University of California Press},
	Title = {A Subjectivist's Guide to Objective Chance},
	Volume = {2},
	Year = {1980},
	Bdsk-File-1 = {YnBsaXN0MDDSAQIDBFxyZWxhdGl2ZVBhdGhZYWxpYXNEYXRhXxBqLi4vLi4vbGFwdG9wIGJhY2t1cCA3IE5vdiAwOC9NaWtlJ3MgbG9naW4vRG9jdW1lbnRzL0NhbC9TbGVlcGluZyBCZWF1dHkvcmVsZXZhbnQgYXJ0aWNsZXMvTGV3aXNfYXNndG9jLnBkZk8RAkYAAAAAAkYAAgAAB1BoaWxvbmUAAAAAAAAAAAAAAAAAAAAAAAAAAMPj61ZIKwAAABImEBBMZXdpc19hc2d0b2MucGRmAAAAAAAAAAAAAAAAAAAAAAAAAAAAAAAAAAAAAAAAAAAAAAAAAAAAAAAAAAAAAAAAEiYvvFESDQAAAAAAAAAAAAIABwAACSAAAAAAAAAAAAAAAAAAAAARcmVsZXZhbnQgYXJ0aWNsZXMAABAACAAAw+NQpgAAABEACAAAvFB3XQAAAAEAJAASJhAAEiSJABIgMAASH48AEh+OABIfjQAKpMsACqS0AAB63AACAIdQaGlsb25lOlVzZXJzOnBoaWxvc29waHk6RG9jdW1lbnRzOmxhcHRvcCBiYWNrdXAgNyBOb3YgMDg6TWlrZSdzIGxvZ2luOkRvY3VtZW50czpDYWw6U2xlZXBpbmcgQmVhdXR5OnJlbGV2YW50IGFydGljbGVzOkxld2lzX2FzZ3RvYy5wZGYAAA4AIgAQAEwAZQB3AGkAcwBfAGEAcwBnAHQAbwBjAC4AcABkAGYADwAQAAcAUABoAGkAbABvAG4AZQASAH9Vc2Vycy9waGlsb3NvcGh5L0RvY3VtZW50cy9sYXB0b3AgYmFja3VwIDcgTm92IDA4L01pa2UncyBsb2dpbi9Eb2N1bWVudHMvQ2FsL1NsZWVwaW5nIEJlYXV0eS9yZWxldmFudCBhcnRpY2xlcy9MZXdpc19hc2d0b2MucGRmAAATAAEvAAAVAAIAEf//AAAACAANABoAJACRAAAAAAAAAgEAAAAAAAAABQAAAAAAAAAAAAAAAAAAAts=}}

@book{vonMisesProbability,
	Address = {New York},
	Author = {{von Mises}, Richard},
	Date-Added = {2016-08-29 19:42:42 +0000},
	Date-Modified = {2016-08-29 19:42:42 +0000},
	Note = {(English edition of the original German \emph{Wahrscheinlichkeit, Statistik und Wahrheit}.)},
	Publisher = {Dover},
	Title = {Probability, Statistics and Truth},
	Year = {1928/1957}}

@book{LaplaceEssay,
	Address = {New York},
	Author = {Laplace, Pierre-Simon},
	Date-Added = {2016-08-29 19:40:50 +0000},
	Date-Modified = {2016-08-29 19:40:50 +0000},
	Note = {Translated from the French by Andrew Dale.},
	Publisher = {Springer},
	Title = {Philosophical Essay on Probabilities},
	Year = {1814/1995}}

@article{WeisbergConditionalization,
	Author = {Weisberg, Jonathan},
	Date-Added = {2016-08-29 19:30:33 +0000},
	Date-Modified = {2016-08-29 19:30:33 +0000},
	Journal = {Philosophical Studies},
	Local-Url = {file://localhost/Users/michaeltitelbaum/Documents/Cal/Sleeping%20Beauty/Unlearn/articles/WeisbergReflection.pdf},
	Pages = {179--197},
	Title = {Conditionalization, Reflection, and Self-Knowledge},
	Volume = {135},
	Year = {2007},
	Bdsk-File-1 = {YnBsaXN0MDDSAQIDBFxyZWxhdGl2ZVBhdGhZYWxpYXNEYXRhXxBvLi4vLi4vbGFwdG9wIGJhY2t1cCA3IE5vdiAwOC9NaWtlJ3MgbG9naW4vRG9jdW1lbnRzL0NhbC9TbGVlcGluZyBCZWF1dHkvVW5sZWFybi9hcnRpY2xlcy9XZWlzYmVyZ1JlZmxlY3Rpb24ucGRmTxECVAAAAAACVAACAAAHUGhpbG9uZQAAAAAAAAAAAAAAAAAAAAAAAAAAw+PrVkgrAAAAEiZTFldlaXNiZXJnUmVmbGVjdGlvbi5wZGYAAAAAAAAAAAAAAAAAAAAAAAAAAAAAAAAAAAAAAAAAAAAAAAAAAAAAAAASJlzApVskUERGIENBUk8AAgAIAAAJIAAAAAAAAAAAAAAAAAAAAAhhcnRpY2xlcwAQAAgAAMPjUKYAAAARAAgAAMCkzoQAAAABACgAEiZTABImUQASJIkAEiAwABIfjwASH44AEh+NAAqkywAKpLQAAHrcAAIAjFBoaWxvbmU6VXNlcnM6cGhpbG9zb3BoeTpEb2N1bWVudHM6bGFwdG9wIGJhY2t1cCA3IE5vdiAwODpNaWtlJ3MgbG9naW46RG9jdW1lbnRzOkNhbDpTbGVlcGluZyBCZWF1dHk6VW5sZWFybjphcnRpY2xlczpXZWlzYmVyZ1JlZmxlY3Rpb24ucGRmAA4ALgAWAFcAZQBpAHMAYgBlAHIAZwBSAGUAZgBsAGUAYwB0AGkAbwBuAC4AcABkAGYADwAQAAcAUABoAGkAbABvAG4AZQASAIRVc2Vycy9waGlsb3NvcGh5L0RvY3VtZW50cy9sYXB0b3AgYmFja3VwIDcgTm92IDA4L01pa2UncyBsb2dpbi9Eb2N1bWVudHMvQ2FsL1NsZWVwaW5nIEJlYXV0eS9VbmxlYXJuL2FydGljbGVzL1dlaXNiZXJnUmVmbGVjdGlvbi5wZGYAEwABLwAAFQACABH//wAAAAgADQAaACQAlgAAAAAAAAIBAAAAAAAAAAUAAAAAAAAAAAAAAAAAAALu}}

@article{vanFraassenWill,
	Author = {{van Fraassen}, Bas C.},
	Date-Added = {2016-08-29 19:27:56 +0000},
	Date-Modified = {2016-08-29 19:27:56 +0000},
	Journal = {The Journal of Philosophy},
	Pages = {235--256},
	Title = {Belief and the Will},
	Volume = {81},
	Year = {1984}}

@book{JeffreyLogic,
	Address = {New York},
	Author = {Jeffrey, Richard C.},
	Date-Added = {2016-08-24 17:11:56 +0000},
	Date-Modified = {2016-08-24 17:11:56 +0000},
	Edition = {1st},
	Publisher = {McGraw-Hill},
	Series = {McGraw-Hill series in probability and statistics},
	Title = {The Logic of Decision},
	Year = {1965}}

@article{LewisProbCond,
	Author = {Lewis, David},
	Date-Added = {2016-08-23 19:15:56 +0000},
	Date-Modified = {2016-08-23 19:15:56 +0000},
	Journal = {The Philosophical Review},
	Pages = {297--315},
	Title = {Probabilities of Conditionals and Conditional Probabilities},
	Volume = {85},
	Year = {1976}}

@book{JoyceCausal,
	Address = {Cambridge},
	Author = {Joyce, James M.},
	Date-Added = {2016-08-23 19:09:30 +0000},
	Date-Modified = {2016-08-23 19:09:30 +0000},
	Publisher = {Cambridge University Press},
	Title = {The Foundations of Causal Decision Theory},
	Year = {1999}}

@incollection{ReichenbachCommon,
	Author = {Reichenbach, Hans},
	Booktitle = {The Direction of Time},
	Date-Added = {2016-08-23 18:59:57 +0000},
	Date-Modified = {2016-08-23 18:59:57 +0000},
	Pages = {157--160},
	Publisher = {University of California Press},
	Title = {The Principle of Common Cause},
	Year = {1956}}

@book{CarnapLogical,
	Address = {Chicago},
	Author = {Carnap, Rudolf},
	Date-Added = {2016-08-23 17:17:57 +0000},
	Date-Modified = {2016-08-23 17:17:57 +0000},
	Publisher = {University of Chicago Press},
	Title = {Logical Foundations of Probability},
	Year = {1950}}

@article{MakinsonPreface,
	Author = {Makinson, David C.},
	Date-Added = {2016-08-22 16:17:27 +0000},
	Date-Modified = {2016-08-22 16:17:27 +0000},
	Journal = {Analysis},
	Pages = {205--7},
	Title = {The Paradox of the Preface},
	Volume = {25},
	Year = {1965}}

@book{KyburgProbability,
	Address = {Middletown},
	Author = {Kyburg, Jr, Henry E.},
	Date-Added = {2016-08-22 16:17:18 +0000},
	Date-Modified = {2016-08-22 16:17:18 +0000},
	Publisher = {Wesleyan University Press},
	Title = {Probability and the Logic of Rational Belief},
	Year = {1961}}

@article{FitelsonDecision,
	Author = {Fitelson, Branden},
	Date-Added = {2016-08-17 20:22:12 +0000},
	Date-Modified = {2016-08-17 20:22:12 +0000},
	Journal = {The Review of Symbolic Logic},
	Pages = {111-125},
	Title = {A Decision Procedure for Probability Calculus with Applications},
	Volume = {1},
	Year = {2008}}

@book{Kolmogorov,
	Address = {New York},
	Author = {Kolmogorov, A. N.},
	Date-Added = {2016-08-17 20:04:16 +0000},
	Date-Modified = {2016-08-17 20:04:16 +0000},
	Local-Url = {file://localhost/Users/michaeltitelbaum/Documents/references/Kolmogorov.pdf},
	Note = {Translation edited by Nathan Morrison},
	Publisher = {Chelsea Publishing Company},
	Title = {Foundations of the Theory of Probability},
	Year = {1933/1950},
	Bdsk-File-1 = {YnBsaXN0MDDSAQIDBFxyZWxhdGl2ZVBhdGhZYWxpYXNEYXRhXxBNLi4vLi4vbGFwdG9wIGJhY2t1cCA3IE5vdiAwOC9NaWtlJ3MgbG9naW4vRG9jdW1lbnRzL3JlZmVyZW5jZXMvS29sbW9nb3Jvdi5wZGZPEQH2AAAAAAH2AAIAAAdQaGlsb25lAAAAAAAAAAAAAAAAAAAAAAAAAADD4+tWSCsAAAASmzIOS29sbW9nb3Jvdi5wZGYAAAAAAAAAAAAAAAAAAAAAAAAAAAAAAAAAAAAAAAAAAAAAAAAAAAAAAAAAAAAAAAAAABKbV8JocjJQREYgQ0FSTwACAAUAAAkgAAAAAAAAAAAAAAAAAAAACnJlZmVyZW5jZXMAEAAIAADD41CmAAAAEQAIAADCZ+WSAAAAAQAcABKbMgASH48AEh+OABIfjQAKpMsACqS0AAB63AACAGpQaGlsb25lOlVzZXJzOnBoaWxvc29waHk6RG9jdW1lbnRzOmxhcHRvcCBiYWNrdXAgNyBOb3YgMDg6TWlrZSdzIGxvZ2luOkRvY3VtZW50czpyZWZlcmVuY2VzOktvbG1vZ29yb3YucGRmAA4AHgAOAEsAbwBsAG0AbwBnAG8AcgBvAHYALgBwAGQAZgAPABAABwBQAGgAaQBsAG8AbgBlABIAYlVzZXJzL3BoaWxvc29waHkvRG9jdW1lbnRzL2xhcHRvcCBiYWNrdXAgNyBOb3YgMDgvTWlrZSdzIGxvZ2luL0RvY3VtZW50cy9yZWZlcmVuY2VzL0tvbG1vZ29yb3YucGRmABMAAS8AABUAAgAR//8AAAAIAA0AGgAkAHQAAAAAAAACAQAAAAAAAAAFAAAAAAAAAAAAAAAAAAACbg==}}
