% websites

@misc{Allen:2010,
    author = {B. Allen},
    year = {2010},
    note = {\url{http://www.boallen.com/random-numbers.html}}
}

@misc{Haahr:2010,
    author = {M. Haahr},
    year = {1998--2010},
    note = {\url{http://www.random.org/}}
}

@misc{Hart:2012,
    author = {Vi Hart},
    year = {2012},
    note = {\url{http://www.youtube.com/watch?v=TINfzxSnnIE}}
}

@misc{McGee:2002,
    author = {V. McGee},
    title = {Nonstandard models of true arithmetic},
    year = {2002},
    note = {Lecture notes for course 'Logic II' at MIT; \url{http://web.mit.edu/24.242/www/NonstandardModels.pdf}}
}
%order type of countable non-standard models

@misc{Tao:2007,
    author = {T. Tao},
    title = {Ultrafilters, Nonstandard Analysis, and Epsilon Management},
    year = {2007},
    note = {\url{http://terrytao.wordpress.com/2007/06/25/ultrafilters-nonstandard-analysis-and-epsilon-management/}}
}

@misc{Tao:2007-2012,
    author = {T. Tao},
    title = {Blog Posts Tagged ``Nonstandard Analysis''},
    year = {2007--2012},
    note = {\url{http://terrytao.wordpress.com/tag/nonstandard-analysis/}}
}

@misc{Tao:2012,
    author = {T. Tao},
    title = {A Cheap Version of Nonstandard Analysis},
    year = {2012},
    note = {\url{http://terrytao.wordpress.com/2012/04/02/a-cheap-version-of-nonstandard-analysis/}}
}

@misc{Wetzel:1999,
    author = {C. Wetzel},
    year = {1998--1999},
    note = {\url{http://faculty.rhodes.edu/wetzel/random/intro.html}}
}

%%%

@article{Abrams:2012,
    author = {M. Abrams},
    title = {Mechanistic probability},
    journal = {Synthese},
    volume = {187},
    year = {2012},
    pages = {343--375}
}
%DOI: 10.1007/s11229-010-9830-3

@book{Achinstein:2003,
    author  = {P. Achinstein},
    title   = {The Book of Evidence},
    year    = {2003},
    publisher = {Oxford University Press},
    address = {Oxford, UK}
}

@article{Adams:1959,
    author = {E.~W. Adams},
    title = {Two aspects of the theory of rational betting odds},
    journal = {Technical Report, Berkeley (Univ. of Calif.)},
    volume = {1},
    year = {1959},
    pages = {9},
    note = {Rotaprintvervielf\"altigung}
}
% onvindbaar?

@article{Adams:1962,
    author = {E.~W. Adams},
    title = {On rational betting systems},
    journal = {Archiv f\"ur mathematische {L}ogik und {G}rundlagenforschung},
    volume = {6},
    year = {1962--63},
    pages = {7--29},
    note = {Part 1 of 2.}
}

@article{Adams:1964,
    author = {E.~W. Adams},
    title = {On rational betting systems},
    journal = {Archiv f\"ur mathematische {L}ogik und {G}rundlagenforschung},
    volume = {6},
    year = {1964},
    pages = {112--128},
    note = {Part 2 of 2.}
}

@incollection{Adams:1966,
    author = {E.~W. Adams},
    booktitle = {Probability and the Logic of Conditionals},
    editor = {J. Hintikka and P. Suppes},
    title = {Aspects of Inductive Logic},
    pages = {253--316},
    publisher = {North-Holland},
    address = {Amsterdam, The Netherlands},
    year = {1966}
}

@book{Adams:1980,
    author = {D. Adams},
    title = {The Restaurant at the End of the Universe},
    publisher = {Pan Books},
    address = {London, UK},
    year = {1980},
    note = {Reprinted as second story in \textit{The Ultimate Hitchhiker's guide} by Wings Books, New York, NY, 1996}
}

@book{Albeverio_etal:1986,
    author = {S. Albeverio and J.~E. Fenstad and R. {Hoegh-Kr{\o}hn} and T. Lindstr{\o}m},
    title = {Non-Standard Methods in Stochastic Analysis and Mathematical Physics},
    series = {Pure and Applied Mathematics},
    publisher = {Academic Press},
    address = {Orlando, FL},
    year = {1986}
}

@book{Alexander:2014,
    author = {A. Alexander},
    title = {Infinitesimal: How a Dangerous Mathematical Theory Shaped the Modern World},
    publisher = {Oneworld},
    address = {London, UK},
    year = {2014}
}

@article{Anderson:1976,
    author = {R.~M. Anderson},
    title = {A non-standard representation for {B}rownian motion and {I}t{\^o} integration},
    journal = {Israel Journal of Mathematics},
    volume = {25},
    year = {1976},
    pages = {15--46}
}

@article{Ansari:2008,
    author = {D. Ansari},
    title = {Effects of development and enculturation and number representation in the brain},
    journal = {Nature Reviews Neuroscience},
    volume = {9},
    year = {2008},
    pages = {278--291}
}

@book{Arendt:1958,
    author = {H. Arendt},
    title = {The Human Condition},
    publisher = {University of Chicago Press},
    address = {Chicago, IL},
    year = {1958}
}

@book{Arkeryd_etal:1997,
    editor = {L.~O. Arkeryd and N.~J. Cutland and C.~W. Henson},
    title = {Nonstandard Analysis: Theory and Applications},
    publisher = {Kluwer},
    address = {Dordrecht, The Netherlands},
    year = {1997}
}

@incollection{ArloCosta&Pedersen:2011,
	author = {H. Arlï¿½ Costa and A.~P. Pedersen},
	title = {Bounded rationality: Models for some fast and frugal heuristics},
	editor = {J. {van Benthem} and A. Gupta and E. Pacuit},
	booktitle = {Games, Norms and Reasons},
    series = {Synthese Library},
    volume = {353},
	publisher = {Synthese},
	address = {Dordrecht, The Netherlands},
	year = {2011},
	pages = {1--21}
}
%DOI: 10.1007/978-94-007-0714-6_1

@incollection{Artigue:1991,
    author = {M.~Artigue},
    title = {Analysis},
    editor = {D.~O. Tall},
    booktitle = {Advanced Mathematical Thinking},
    series = {Mathematics Education Library},
    volume = {11},
    publisher = {Kluwer},
    address = {Dordrecht, The Netherlands},
    year = {1991}
}
%section~1.4, p.~172

@book{Asimov:1988,
    author = {I. Asimov},
    title = {Prelude to the Foundation},
    publisher = {Doubleday},
    address = {New York, NY},
    year = {1988}
}

@article{Aumann:1976,
    author = {R.~J. Aumann},
    title = {Agreeing to Disagree},
    journal = {Annals of Statistics},
    volume = {4},
    year = {1976},
    pages = {1236--1239}
}

@article{Bair-etal:2013,
    author = {J. Bair and P. B{\l}aszczyk and R. Ely and V. Henry and V. Kanovei and K.~U. Katz and M.~G. Katz and S.~S. Kutateladze and T. Mc{G}affey and D.~M. Schaps and D. Sherry and S. Shnider},
    title = {Is Mathematical History Written by the Victors?},
    journal = {Notices of the American Mathematical Society},
    volume = {60},
    year = {2013},
    pages = {886--904}
}

@incollection{Barrett:2010,
    author = {M. Barrett},
    title = {The possibility of infinitesimal chances},
    editor = {E. Eells and J.~H. Fetzer},
    booktitle = {The Place of Probability in Science},
    series = {Boston Studies in the Philosophy of Science},
    volume = {},
    publisher = {Springer},
    address = {},
    year = {2010},
    pages = {65--79}
}

@book{Barry:1989,
    author = {B. Barry},
    title = {Theories of Justice},
    publisher = {University of California Press},
    address = {Los Angeles, CA},
    year = {1989}
}

@article{Bartha:2004,
    author = {P. Bartha},
    title = {Countable additivity and the de {F}inetti lottery},
    journal = {The British Journal for Philosophy of Science},
    volume = {55},
    year = {2004},
    pages = {301--321}
}

@article{BarthaHitchcock:1999,
    author = {P. Bartha and C. Hitchcock},
    title = {The shooting-room paradox and conditionalizing on measurably challenged sets},
    journal = {Synthese},
    volume = {118},
    year = {1999},
    pages = {403--437}
}

@article{BarthaJohns:2001,
    author = {P. Bartha and R. Johns},
    title = {Probability and symmetry},
    journal = {Philosophy of Science},
    volume = {68},
    year = {2001},
    pages = {S109--S122}
}

@book{Bell:1998,
    author = {J.~L. Bell},
    title = {A Primer of Infinitesimal Analysis},
    publisher = {Cambridge University Press},
    address = {Cambridge, UK},
    year = {1998}
}

@article{Benacerraf:1965,
    author  = {P. Benacerraf},
    title   = {What numbers could not be},
    journal = {Philosophical Review},
    volume  = {74},
    pages   = {47--73},
    year    = {1965}
}

@incollection{Benci:1995,
    author = {V. Benci},
    title = {I numeri e gli insiemi etichettati},
    booktitle = {Conferenze del seminario di matematica dell'Universita' di Bari},
    volume = {261},
    address = {Bari, Italy},
    publisher = {Laterza},
    year = {1995},
    pages = {29}
}

@article{BenciDiNasso:2003a,
    author  = {V. Benci and M. {Di Nasso}},
    title   = {Alpha-Theory: an Elementary Axiomatic for Nonstandard Analysis},
    journal = {Expositiones Mathematicae},
    volume  = {21},
    pages   = {355--386},
    year    = {2003}
}

@article{BenciDiNasso:2003b,
    author  = {V. Benci and M. {Di Nasso}},
    title   = {Numerosities of labelled sets: a new way of counting},
    journal = {Advances in Mathematics},
    volume  = {173},
    pages   = {50--67},
    year    = {2003}
}

@incollection{Benci_etal:2006a,
    author = {V. Benci and M. {Di Nasso} and M. Forti},
    title = {The Eightfold Path to Nonstandard Analysis},
    editor = {N.~J. Cutland and M. {Di Nasso} and D.~A. Ross},
    booktitle = {Nonstandard Methods and Applications in Mathematics},
    series = {Lecture Notes in Logic},
    volume = {25},
    pages = {3--44},
    publisher = {Association for Symbolic Logic, AK Peters},
    address = {Wellesley, MA},
    year = {2006}
}

@article{Benci_etal:2006b,
    author = {V. Benci and M. {Di Nasso} and M. Forti},
    title = {An {A}ristotelian notion of size},
    journal = {Annals of Pure and Applied Logic},
    volume = {143},
    year = {2006},
    pages = {43--53}
}

@incollection{Benci_etal:2010,
    author = {V. Benci and S. Galatolo and M. Ghimenti},
    title = {An Elementary Approach to Stochastic Differential Equations using Infinitesimals},
    editor = {V. Bergelson and A. Blass and M. {Di Nasso} and R. Jin},
    booktitle = {Ultrafilters across Mathematics},
    series = {Contemporary Mathematics},
    volume = {530},
    publisher = {American Mathematical Society},
    year = {2010},
    note = {\url{http://arxiv.org/abs/0807.3477}}
}
%    address = {},

@unpublished{BenciDiNasso:2012,
    author = {V. Benci and M. {Di Nasso}},
    title = {Alpha-Theory: Mathematics with Infinite and Infinitesimal Numbers},
    year = {2014},
    note = {In preparation}
}

@article{Benci_etal:2013,
    author = {V. Benci and L. Horsten and S. Wenmackers},
    title = {Non-{A}rchimedean probability},
    journal = {Milan Journal of Mathematics},
    volume = {81},
    year = {2013},
    pages = {121--151}
}
% DOI: 10.1007/s00032-012-0191-x

@article{Benci_etal:2018,
    author = {V. Benci and L. Horsten and S. Wenmackers},
    title = {Infinitesimal probabilities},
    journal = {British Journal for the Philosophy of Science},
    volume = {69},
    year = {2018},
    pages = {509--552}
}
%doi:10.1093/bjps/axw013

%{BertsekasTsitsiklis:2008,
%Bertsekas DP, Tsitsiklis JN (2008) Introduction to Probability. 2nd edition

@book{Berkeley:1734,
    author = {G. Berkeley},
    title = {The Analyst, a Discourse Addressed to an Infidel Mathematician},
    publisher = {Strand},
    address = {London, England},
    year = {1734}
}
%Section XXXV
%``Fluxions or Infinitesimals not to be avoided on the received Principles. Nice Abstractions and Geometrical Metaphysics''

@article{Bernardes_etal:2001,
	author = {A.~T. Bernardes and U.~M.~S. Costa and A.~D. Araujo and D. Stauffer},
	title = {Damage spreading, coarsening dynamics and distribution of political votes in {S}znajd model on square lattice},
	journal = {International Journal of Modern Physics C},
	volume = {12},
	year = {2001},
	pages = {159--167}
}

@article{Bernardes_etal:2002,
	author = {A.~T. Bernardes and D. Stauffer and J. Kert\'{e}sz},
	title = {Election results and the {S}znajd model on {B}arabasi network},
	journal = {The European Physical Journal B},
	volume = {25},
	year = {2002},
	pages = {123--127}
}

@incollection{BernsteinWattenberg:1969,
    author = {A.~R. Bernstein and F. Wattenberg},
    title = {Nonstandard measure theory},
    editor = {W.~A.~J. Luxemburg},
    booktitle = {Applications of Model Theory to Algebra, Analysis and probability},
    pages = {171--185},
    publisher = {Holt, Rinehard and Winston},
    address = {New York, NY},
    year = {1969}
}

@book{Bertrand:1888,
    author = {J.~L.~F. Bertrand},
    title = {Calcul des Probabilit\'{e}s},
    publisher = {Gauthier-Villars et fils},
    address = {Paris, France},
    year = {1888}
}

@incollection{Beth:1961,
    author = {E. Beth},
    title = {Semantics of physical theories},
    editor = {H. Freudenthal},
    booktitle = {The Concept and the Role of the Model in Mathematics and Natural and Social Sciences},
    publisher = {D.~Reidel},
    address = {Dordrecht, The Netherlands},
    year = {1961}
}

@article{BienvenuMerkle:2007,
    author = {L. Bienvenu and W. Merkle},
    title = {Effective Randomness for Computable Probability Measures},
    journal = {Electronic Notes in Theoretical Computer Science},
    volume = {167},
    year ={2007},
    pages = {117--130}
}

@article{Bienvenu_etal:2009,
    author = {L. Bienvenu and G. Shafer and A. Shen},
    title = {On the history of martingales in the study of randomness},
    journal = {Electronic Journal for History of Probability and Statistics},
    volume = {5},
    pages = {1--40},
    year = {2009},
    note = {\url{http://www.jephs.net}}
}

@book{Binmore:2009,
    author = {K. Binmore},
    title = {Rational Decisions},
    year = {2009},
    publisher = {Princeton University Press},
    address = {Princeton, NJ}
}

@book{Blake:1790,
    author = {W. Blake},
    title = {The Marriage of Heaven and Hell},
    year = {1790},
    note = {Reprinted by Dover, Mineola, NY, 1994}
}

@article{Blaszczyk_etal:2013,
    author = {P. B{\l}aszczyk and M.~G. Katz and D. Sherry},
    title = {Ten Misconceptions from the History of Analysis and Their Debunking},
    journal = {Foundations of Science},
    volume  = {18},
    pages   = {43--74},
    year    = {2013}
}
%    note = {\url{http://arxiv.org/abs/1202.4153}}

@book{Boolos_etal:2007,
    author = {G.~S. Boolos and J.~P. Burgess and R.~C. Jeffrey},
    title = {Computability and Logic},
    year = {2007},
    publisher = {Cambridge University Press},
    address = {Cambridge, UK},
    note = {5th ed.}
}
%Chapter 25 ``Nonstandard models'', p.~302--318

@article{BoothRichter:2005,
    author  = {R. Booth and E. Richter},
    title   = {On Revising Fuzzy Belief Bases},
    journal = {Studia Logica},
    volume  = {80},
    pages   = {29--61},
    year    = {2005}
}

@PhDthesis{Bottazzi:2017,
    author = {E. Bottazzi},
    title = {Nonstandard Models in Measure Theory and in Functional Analysis},
    year = {2017},
    publisher = {University of Trento},
	address = {Trento, Italy}
}
%http://eprints-phd.biblio.unitn.it/2056/

@book{Boyer:1949,
    author = {C. Boyer},
    title = {The Concepts of the Calculus},
    publisher = {Hafner Publishing Company},
    year = {1949}
}
%    address = {London, England},

@article{Brainerd&Kingma:1984,
    author  = {C.~J. Brainerd and J. Kingma},
    title   = {Do Children Have to Remember to Reason? A Fuzzy-Trace Theory of Transitivity Development},
    journal = {Developmental Review},
    volume  = {4},
    pages   = {311--377},
    year    = {1984}
}

@article{Brandstatter_etal:2006,
	author = {E. Brandst\"{a}tter and G. Gigerenzer and R. Hertwig},
	title = {The priority heuristic: making choices without trade-offs},
	journal = {Psychological Review},
	volume = {113},
	year = {2006},
	pages = {409--432}
}

@article{BrickhillHorsten:2018,
    author = {H. Brickhill and L. Horsten},
    title = {Triangulating non-{A}rchimedean probability},
    journal = {The Review of Symbolic Logic},
    year = {2018},
    volume = {11},
    number = {3},
    pages = {519--546}
}

@inproceedings{Bruggeman_etal:2005,
    author = {R. Br\"{u}ggeman and G. Restrepo and K. Voigt},
    title = {Prescreening of Chemicals by Partial Orders},
    booktitle = {ICCOMP'05 Proceedings of the 9th WSEAS International Conference on Computers},
    year = {2005}
}

@unpublished{Burock:2006,
    author = {M. Burock},
    title = {An outcome of the de {F}inetti infinite lottery is not finite},
    year = {2006},
    note = {Unpublished manuscript; \url{http://philsci-archive.pitt.edu/archive/00002605/01/infinite_lottery.pdf}}
}

@article{Buyse_etal:1999,
    author = {M. Buyse and S.~L. George and S. Evans and N.~L. Geller and J. Ranstam and B. Scherrer and E. Lesaffre and G. Murray and L. Edler and J. Hutton and T. Colton and P. Lachenbruch and B.~L. Verma},
    title = {The role of biostatistics in the prevention, detection and treatment of fraud in clinical trials},
    journal = {Statistics in Medicine},
    volume = {18},
    year = {1999},
    pages = {3435--3451}
}

@article{Byrne:1961,
	author = {D. Byrne},
	title = {Interpersonal-Attraction and Attitude Similarity},
	journal = {Journal of Abnormal and Social Psychology},
	volume = {62},
	year = {1961},
	pages = {713--715}
}

@article{Cantor:1872,
    author = {G. Cantor},
    title = {\"{U}ber die {A}usdehnung eines {S}atzes der {T}heorie der trigonometrischen {R}eihen},
    journal = {Mathematische Annalen},
    volume = {5},
    year = {1872},
    pages = {122--132},
    note = {Reprinted in: \cite{Cantor:1932}, p. 92--102}
}

@article{Cantor:1874,
    author = {G. Cantor},
    title = {\"{U}ber eine {E}igenschaft des {I}nbegriffes aller reellen algebraischen {Z}ahlen},
    journal = {Journal f\"{u}r die reine und angewandte Mathematik},
    volume = {77},
    year = {1874},
    pages = {258--262}
}

@article{Cantor:1891,
    author = {G. Cantor},
    title = {\"{U}ber eine elementare {F}rage der {M}annigfaltigkeitslehre},
    journal = {Jahresbericht der Deutschen Mathematiker-Vereinigung},
    volume = {1},
    year = {1891},
    pages = {75--78}
}

@book{Cantor:1932,
    author = {G. Cantor},
    title = {Gesammelte {A}bhandlungen mathematischen und philosophischen {I}nhalts. {H}erausgegeben von {E}rnest {Z}ermelo, nebst einem {L}ebenslauf {C}antors von {A}.~{F}raenkel},
    publisher = {Springer},
    address = {Berlin, Germany},
    year = {1932},
    note = {Reprinted by Hildesheim, Olms in 1966}
}
%Reprint: Springer, 1980
%http://gdz.sub.uni-goettingen.de/dms/load/img/?PPN=PPN237853094&IDDOC=49439

@book{Carlyle:1845,
    author = {T. Carlyle},
    title = {Oliver {C}romwell's Letters and Speeches: with Elucidations},
    publisher = {Wiley and Putnam},
    address = {New York, NY},
    year = {1845}
}
% https://archive.org/details/2olivercromwells01cromuoft

@article{Carnap:1945,
    author = {R. Carnap},
    title = {The Two Concepts of Probability: The Problem of Probability},
    journal = {Philosophy and Phenomenological Research},
    volume = {5},
    year = {1945},
    pages = {513--532}
}

@book{Carnap:1950,
    author = {R. Carnap},
    title = {Logical Foundations of Probability},
    publisher = {University of Chicago Press},
    address = {Chicago, IL},
    year = {1950}
}

@incollection{Carnap:1971a,
    author = {R. Carnap},
    title = {Inductive Logic and Rational Decisions},
    editor = {R. Carnap and R.~C. Jeffrey},
    booktitle = {Studies in Inductive Logic and Probability},
    volume = {1},
    publisher = {University of Chicago Press},
    address = {Chicago, IL},
    year = {1971}
}

@incollection{Carnap:1971b,
    author = {R. Carnap},
    title = {A Basic System of Inductive Logic, Part {I}},
    editor = {R. Carnap and R.~C. Jeffrey},
    booktitle = {Studies in Inductive Logic and Probability},
    volume = {1},
    publisher = {University of Chicago Press},
    address = {Chicago, IL},
    year = {1971}
}
%books.google.com/books?isbn=0520018664
% Heb ik deels via GoogleBooks

@incollection{Carnap:1980,
    author = {R. Carnap},
    title = {The problem of a more general concept of regularity},
    booktitle = {Studies in Inductive Logic and Probability},
    editor = {R.~C. Jeffrey},
    volume = {2},
    publisher = {University of California Press},
    address = {Berkeley, CA},
    year = {1980},
    pages = {145--155},
    note = {Written in 1960.}
}
%Chapter x; part 21
%CA=California

@book{Carroll:1871,
    author = {L. Carroll},
    title = {Through the Looking-Glass, and What Alice Found There},
    publisher = {Macmillan},
    address = {London, UK},
    year = {1871}
}

@article{Carter:1983,
    author = {B. Carter},
    title = {The anthropic principle and its implications for biological evolution},
    journal = {Philosophical Transactions of the Royal Society of London A},
    volume = {310},
    year = {1983},
    pages = {347--363}
}

@article{Chaitin:1970,
    author = {G.~J. Chaitin},
    title = {On the Difficulty of Computations},
    journal = {IEEE Transactions on Information Theory},
    volume = {IT-16},
    year = {1970},
    pages = {5--9},
    note = {Reprinted in G.~J.~Chaitin \textit{Information, Randomness \& Incompleteness: Papers on Algorithmic Information Theory}, Series in Computer Science, Volume 8, pages~14--22, World Scientific, Singapore, 1987.}
}

@article{Chaitin:1975,
    author = {G.~J. Chaitin},
    title = {Randomness and Mathematical Proof},
    journal = {Scientific American},
    volume = {232},
    year = {1975},
    pages = {47--52},
    note = {Reprinted in G.~J.~Chaitin \textit{Information, Randomness \& Incompleteness: Papers on Algorithmic Information Theory}, Series in Computer Science, Volume 8, pages~1--13, World Scientific, Singapore, 1987.}
}

@book{Chaitin:2001,
    author = {G.~J. Chaitin},
    title = {Exploring Randomness},
    publisher = {Springer},
    address = {London, UK},
    year = {2001},
    note = {\url{http://www.cs.auckland.ac.nz/~chaitin/ait/index.html}}
}
% ISBN = 1-85233-417-7

@incollection{Cheeseman:1985,
    author = {P. Cheeseman},
    title = {In Defense of Probability},
    booktitle = {Proceedings of the Ninth International Joint Conference on Artificial intelligence},
    volume = {2},
    publisher = {Morgan Kaufmann Publishers},
    address = {Los Angeles, CA},
    year = {1985},
    pages = {1002-1009}
}
%IJCAI'85

@unpublished{ChenRubio:forthc,
    author = {E. Chen and D. Rubio},
    title = {Surreal decisions},
    year = {2018},
    note = {Forthcoming in \textsl{Philosophy and Phenomenological Research}; doi:10.1111/phpr.12510}
}

@article{Chopra_etal:2001,
	author = {S. Chopra and R. Parikh and R. Wassermann},
	title = {Approximate Belief Revision},
	journal = {L. J. of the IGPL},
	volume = {9},
	year = {2001},
	pages = {755--768}
}

%{Christensen:1999,
%Christensen D (1999) Measuring confirmation. Journal of Philosophy 96:437--461

@book{Ciardi:1972,
    author = {John Ciardi},
    title = {Manner of Speaking},
    publisher = {Rutgers University Press},
    address = {New Brunswick, NJ},
    year = {1972}
}

@book{Conway:2001,
    author = {J. Conway},
    title = {On Numbers and Games},
    year = {1976},
    note = {2nd ed. updated, 2001, ISBN 1-56881-127-6}
}
%    publisher = {},

@article{Cousins:1995,
    author = {R.~D. Cousins},
    title = {Why isn't every physicist a {B}ayesian?},
    journal = {American Journal of Physics},
    volume = {63},
    year = {1995},
    pages = {398--410}
}

@book{Crawshay-Williams:1957,
    author  = {R. {Crawshay-Williams}},
    title   = {Methods and Criteria of Reasoning},
    year    = {1957},
    publisher = {Routledge \& P.~Kegan},
    address = {London, UK},
    note = {Reprinted by The International Library of Philosophy, 2001}
}

@article{Cutland:1983,
    author = {N. Cutland},
    title = {Nonstandard measure theory and its applications},
    journal = {Bulletin of the {L}ondon Mathematical Society},
    volume = {15},
    year = {1983},
    pages = {529--589}
}

@article{DalkeyHelmer:1963,
	author = {N. Dalkey and O. Helmer},
	title = {An experimental application of the {D}elphi method to the use of experts},
	journal = {Management Science},
	volume = {9},
	year = {1963},
	pages = {458--467}
}

%{Dawid:1982,
%Dawid AP (1982) The well-calibrated {B}ayesian. Journal of the American Statistical Association 77:605--610

@article{DeCruz:2004,
	author = {H. {De Cruz}},
	title = {Why humans can count large numbers accurately},
	journal = {Philosophica},
	volume = {74},
	year = {2004},
	pages = {63--83}
}

@book{Dedekind:1872,
    author = {R. Dedekind},
    title = {Stetigkeit und irrationale {Z}ahlen},
    publisher = {Vieweg},
    address = {Braunschweig, Germany},
    year = {1888},
    note = {English translation by W.~W. Beman (with corrections by W.~Ewald) in W.~Ewald, editor, \textsl{From Kant to Hilbert: A Source Book in the Foundations of Mathematics, Volume II}, Clarendon Press, Oxford, UK, 1996, p. 765--779}
}

@book{Dedekind:1888,
    author = {R. Dedekind},
    title = {Was sind und was sollen die {Z}ahlen?},
    publisher = {Vieweg},
    address = {Braunschweig, Germany},
    year = {1888}
}
%What are numbers and what should they do

@article{Deffuant_etal:2000,
    author = {G. Deffuant and D. Neau and F. Amblard and G. Weisbuch},
    title = {Mixing Beliefs among Interacting Agents},
    journal = {Advances in Complex Systems},
    volume = {3},
    year = {2000},
    pages = {87--98}
}

@article{deFinetti:1931,
    author = {B. de Finetti},
    title = {Sul significato soggettivo della probabilit\`{a}},
    journal = {Fundamenta Mathematica},
    volume = {18},
    year = {1931},
    pages = {298--329},
    note = {Translated in English as ``On the subjective meaning of probability'' in: P. Monari and D. Cocchi (eds.), ``Probabilit\`{a} e Induzione; Induction and Probability'' (1993) Clueb, Bologna; pp.~291--321.}
}

@article{deFinetti:1936,
    author = {B. de Finetti},
    title = {Les probabilit{\'e}s nulles},
    journal = {Bulletin de Sciences Math{\'e}matiques},
    volume = {60},
    year = {1936},
    pages = {275--288}
}

@article{deFinetti:1937,
    author = {B. de Finetti},
    title = {La pr\'{e}vision: ses lois logique, ses sources subjectives},
    journal = {Annales de l'Institute Henri Poincar\'{e}},
    volume = {7},
    year = {1937},
    pages = {1--68}
}

@book{deFinetti:1972,
    author  = {B. de Finetti},
    title   = {Probability, Induction and Statistics; The Art of Guessing},
    year    = {1972},
    publisher = {Wiley},
    address = {London, UK}
}
%    note = {Translated by: A.~Mach\'{\i} and A.~Smith}

@book{deFinetti:1974,
    author  = {B. de Finetti},
    title   = {Theory of Probability},
    year    = {1974},
    publisher = {Wiley},
    address = {London, UK},
    note = {Translated by: A.~Mach\'{i} and A.~Smith}
}
%Edition: 1990

@incollection{deFinetti:2008,
    author  = {B. de Finetti},
    editor = {A. Mura},
    booktitle   = {Philosophical Lectures on Probability},
    series = {Synthese Library},
    volume = {340},
    year    = {2008},
    publisher = {Springer},
    address = {London, UK},
    note = {Introductory Essay by Maria Carla Galavotti; translated by: Hykel Hosni}
}
%based on lectures in Italian by de Finetti from 1979

@article{DeGroot:1974,
    author = {M.~H. DeGroot},
    title = {Reaching a Consensus},
    journal = {Journal of the American Statistical Association},
    volume = {69},
    year = {1974},
    pages = {118--121}
}

@article{Dehaene_etal:1999,
    author  = {S. Dehaene and E. Spelke and P. Pinel and R. Stanescu and S. Tsivkin},
    title   = {Sources of Mathematical Thinking: Behavioral and Brain-imaging Evidence},
    journal = {Science},
    volume  = {284},
    pages   = {970--974},
    year    = {1999}
}

@article{Dehaene:2003,
	author = {S. Dehaene},
	title = {The neural basis of the Weber-Fechner law: a logarithmic mental number line},
	journal = {Trends in Cognitive Sciences},
	volume = {7},
	year = {2003},
	pages = {145--147}
}

@article{Dehaene_etal:2008,
    author  = {S. Dehaene and V. Izard and E. Spelke and P. Pica},
    title   = {Log or Linear? {D}istinct Intuitions of the Number Scale in {W}estern and {A}mazonian {I}ndigene Cultures},
    journal = {Science},
    volume  = {320},
    pages   = {1217--1220},
    year    = {2008}
}

@article{Dempster:1967,
    author  = {A.~P. Dempster},
    title   = {Upper and lower probabilities induced by a multivalued mapping},
    journal = {The Annals of Mathematical Statistics},
    volume  = {38},
    pages   = {325--339},
    year    = {1967}
}

@book{DeRose:2009,
    author  = {K. {DeRose}},
    title   = {The Case for Contextualism: Knowledge, Skepticism, and Context},
    publisher = {Oxford University Press},
    address = {Oxford, UK},
    year    = {2009}
}

@book{Descartes:1644,
    author = {R. Descartes},
    title = {Principia Philosophiae},
    publisher = {Elsevier},
    address = {Amsterdam, The Netherlands},
    year = {1644}
}

@article{Diaconis_etal:2007,
    author = {P. Diaconis and S. Holmes and R. Montgomery},
    title = {Dynamical Bias in the Coin Toss},
    journal = {Society of Industrial and Applied Mathematics Review},
    volume = {49},
    year = {2007},
    pages = {211--235}
}
% Afkorting: SIAM Review

%{Dietrich:2013,
%Dietrich F, List C (2013) A reason-based theory of rational choice. No\^{u}s 47:104--134

@article{DiBella:2018,
    author = {N. DiBella},
    title = {The qualitative paradox of non-conglomerability},
    journal = {Synthese},
    volume = {195},
    pages = {1181--1210},
    year = {2018}
}

@article{DiNassoForti:2010,
    author = {M. {Di Nasso} and M. Forti},
    title = {Numerosities of point sets over the real line},
    journal = {Transactions of the {A}merican Mathematical Society},
    volume = {362},
    pages = {5355--5371},
    year = {2010}
}

@incollection{Domotor:2001,
    author = {Z. Domotor},
    title = {Mathematical models in philosophy of science},
    editor = {N.~J. Smelser and P.~B. Baltes},
    booktitle = {International Encyclopedia of the Social \& Behavioral Sciences},
    publisher = {Elsevier},
    address = {Oxford, UK},
    year = {2001},
    pages = {9399--9405}
}
% editor? XXX

@incollection{Doob:1994,
    author = {J.~L. Doob},
    title = {The Development of Rigor in Mathematical Probability, (1900--1950)},
    editor = {J.-P. Pier},
    booktitle = {Development of Mathematics 1900--1950},
    publisher = {Birkh\"{a}user Verlag},
    address = {Basel, Switserland},
    year = {1994}
}

@article{Douven:2008,
    author = {I. Douven},
    title = {The lottery paradox and our epistemic goal},
    journal = {Pacific Philosophical Quarterly},
    volume = {89},
    year = {2008},
    pages = {204--225}
}
% XXX Voluit?

@article{Douven:2010,
    author = {I. Douven},
    title = {Simulating Peer Disagreements},
    journal = {Studies in History and Philosophy of Science},
    volume = {41},
    year = {2010},
    pages = {148--157}
}

@article{DouvenDecock:2009,
    author  = {I. Douven and L. Decock},
    title   = {Identity and Similarity},
    journal = {Philosophical Studies},
    volume  = {151},
    pages   = {59--78},
    year    = {2009}
}

@article{Douven_etal:2010,
    author = {I. Douven and L. Horsten and J.-W. Romeijn},
    title = {Probabilist anti-realism},
    journal = {Pacific Philosophical Quarterly},
    volume = {91},
    year = {2010},
    pages = {38--63}
}

@article{DouvenKelp:2011,
    author = {I. Douven and C. Kelp},
    title = {Truth approximation, social epistemology, and opinion dynamics},
    journal = {Erkenntnis},
    note = {In press}
}

@article{DouvenRiegler:2010,
    author = {I. Douven and A. Riegler},
    title = {Extending the {H}egselmann--{K}rause Model {I}},
    journal = {Logic Journal of the IGPL},
    volume = {18},
    year = {2010},
    pages = {323--335}
}

@article{DouvenUffink:2003,
    author  = {I. Douven and J. Uffink},
    title   = {The preface paradox revisited},
    journal = {Erkenntnis},
    volume  = {59},
    pages   = {389--420},
    year    = {2003}
}

@article{DouvenWilliamson:2006,
    author  = {I. Douven and T. Williamson},
    title   = {Generalizing the lottery paradox},
    journal = {British Journal for the Philosophy of Science},
    volume  = {57},
    pages   = {755--779},
    year    = {2006}
}

@book{Dudley:2004,
    author = {R.~M. Dudley},
    title = {Real Analysis and Probability},
    publisher = {Cambridge University Press},
    address = {Cambridge, UK},
    year = {2004}
}

@article{Durtschi_etal:2004,
    author = {C. Durtshi and W. Hillison and C. Pacini},
    title = {The Effective Use Of {B}enford's Law To Assist In Detecting Fraud In Accounting Data},
    journal = {Journal of Forensic Accounting},
    volume = {V},
    year = {2004},
    pages = {17--34}
}

@book{Dusek:2006,
    author = {V. Dusek},
    title = {Philosophy of Technology: An Introduction},
    publisher = {Wiley-Blackwell},
    year = {2006}
}

%{Earman:1992,
%Earman J (1992) Bayes or bust? A critical examination of {B}ayesian confirmation theory. MIT Press, Cambridge, MA

%{Easwaran:2011b,
%Easwaran K (2011) Bayesianism {II}: Applications and criticisms. Philosophy Compass 6:321--332

@article{Easwaran:2014,
    author = {K. Easwaran},
    title = {Regularity and hyperreal credences},
    journal = {Philosophical Review},
    volume = {123},
    year = {2014},
    pages = {1--41}
}

@article{Eckhardt:1997,
    author = {W. Eckhardt},
    title = {A shooting-room view of {D}oomsday},
    journal = {Journal of Philosophy},
    volume = {XCIII},
    year = {1997},
    pages = {244--259}
}
% XXX voluit?

@incollection{Egre:2009,
    author = {P. \'{E}gr\'{e}},
    title = {Soritical series and {F}isher series},
    editor = {A. Hieke and H. Leitgeb},
    booktitle = {Reduction: Between the Mind and the Brain},
    series = {Publications of the {A}ustrian {L}udwig {W}ittgenstein {S}ociety},
    volume = {12},
    pages = {91--115},
    publisher = {Ontos Verlag},
    address = {Frankfurt am Main, Germany},
    year = {2009}
}

@article{Ehrlich:2006,
    author = {P. Ehrlich},
    title = {The Rise of non-{A}rchimedean Mathematics and the Roots of a Misconception I: {T}he Emergence of non-{A}rchimedean Systems of Magnitudes},
    journal = {Archive for History of Exact Sciences},
    volume = {60},
    year = {2006},
    pages = {1--121}
}
%Arch. Hist. Exact Sci.

@article{Ehrlich:2012,
    author = {P. Ehrlich},
    title = {The absolute arithmetic continuum and the unification of all numbers great and small},
    journal = {The Bulletin of Symbolic Logic},
    volume = {18},
    year = {2012},
    pages = {1--45}
}

@article{Elga:2004,
    author = {A. Elga},
    title = {Infinitesimal chances and the laws of nature},
    journal = {Australasian Journal of Philosophy},
    volume = {82},
    year = {2004},
    pages = {67--76}
}

@book{Elster:1989,
    author = {J. Elster},
    title = {Solomonic Judgments: Studies in the Limitation of Rationality},
    publisher = {Cambridge University Press},
    address = {Cambridge, UK},
    year = {1989}
}

@article{Everett:1957,
    author = {H. Everett},
    title = {Relative state formulation of quantum mechanics},
    journal = {Reviews of Modern Physics},
    volume = {29},
    year = {1957},
    pages = {454--462}
}

@article{Feferman:1979,
    author  = {S. Feferman},
    title   = {Constructive theories of functions and classes},
    journal = {Logic Colloquium},
    volume  = {78},
    pages   = {159--224},
    year    = {1979}
}

@article{Feferman:1999,
    author  = {S. Feferman},
    title   = {Does Mathematics Need New Axioms?},
    journal = {The American Mathematical Monthly},
    volume  = {106},
    pages   = {99--111},
    year    = {1999}
}

@article{Foley:1979,
    author  = {R. Foley},
    title   = {Justified inconsistent beliefs},
    journal = {American Philosophical Quarterly},
    volume  = {16},
    pages   = {247--257},
    year    = {1979}
}

@incollection{Foley:2009,
    author = {R. Foley},
    title = {Beliefs, degrees of belief, and the {L}ockean thesis},
    editor = {F. Huber and C. Schmidt-Petri},
    booktitle = {Degrees of Belief},
    series = {Synthese Library},
    volume = {342},
    publisher = {Springer},
    address = {Dordrecht, The Netherlands},
    pages = {37--47},
    year = {2009}
}

@article{Fortunato:2005,
	author = {S. Fortunato and V. Latora and A. Pluchino and A. Rapisarda},
	title = {Vector Opinion Dynamics in a Bounded Confidence Consensus Model},
	journal = {International Journal of Modern Physics C},
	volume = {10},
	year = {2005},
	pages = {1535--1551}
}

@book{Friend:2007,
    author = {M. Friend},
    title = {Introducing Philosophy of Mathematics},
    publisher = {Acumen Publishing},
    address = {Stockfield, UK},
    year = {2007}
}

@PhDthesis{Gacs:1978,
    author = {P. G\'{a}cs},
    title = {Komplexit\"{a}t und {Z}uf\"{a}lligkeit},
    school = {Johann Wolfgang Goethe Universit\"{a}t},
    address = {Frankfurt am Main, Germany},
    year = {1978}
}

@incollection{Gaifman:1986,
	author = {H. Gaifman},
	title = {Towards a unified concept of probability},
    editor = {R.~B. Marcus and G.~J.~W. Dorn and P. Weingartner},
	booktitle = {Logic, Methodology and Philosophy of Science VII},
    series = {Studies in Logic and the Foundations of Mathematics},
	volume = {114},
    publisher = {Elsevier},
    address = {Amsterdam, The Netherlands},
	year = {1986},
	pages = {319--350}
}

@incollection{Gaifman:2004,
	author = {H. Gaifman},
	title = {Non-standard models in a broader perspective},
	booktitle = {Non-standard Models of Arithmetic and Set Theory},
    editor = {A. Enayat and R. Kossak},
    series = {Contemporary Mathematics},
	volume = {361},
    publisher = {American Mathematical Society},
	year = {2004},
	pages = {1--22}
}

@article{Gaifman:2004b,
	author = {H. Gaifman},
	title = {Reasoning with limited resources and assigning probabilities to arithmetical statements},
    series = {Contemporary Mathematics},
    journal = {Synthese},
	volume = {140},
	year = {2004},
	pages = {97--119}
}

@article{Gaifman:2010,
	author = {H. Gaifman},
	title = {Vagueness, tolerance and contextual logic},
	journal = {Synthese},
	volume = {174},
	year = {2010},
	pages = {5--46}
}

@article{Galam:2002,
    author = {S. Galam},
    title = {Minority Opinion Spreading in a Random Geometry},
    journal = {The European Physical Journal B},
    volume = {25},
    year = {2002},
    pages = {403--406}
}

@book{Galileo:1638,
    author = {G. Galilei},
    title = {Discorsi e dimostrazioni matematiche, intorno \`{a} due nuove scienze},
    publisher = {Elsevier},
    address = {Leiden},
    year = {1638},
    note = {Translated by H.\ Crew and A.\ de Salvio ``Mathematical discourses and demonstrations, relating to Two New Sciences'' New York: Dover 1954.}
}
%Leida, Appresso gli Elsevirii
%Mancosu cites: (1939, 1958) Two New Sciences

@book{Gamow:1947,
    author = {G. Gamow},
    title = {One, two, three \ldots infinity: facts \& speculations of science},
    publisher = {Viking Press},
    address = {New York, NY},
    year = {1947}
}

%{Garber:1983,
%Garber D (1983) Old evidence and logical omniscience in {B}ayesian confirmation theory. Minnesota studies in the philosophy of science 10:99--131

@book{Gauss:1860,
    author = {C.~F. Gauss and H.~C. Schumacher},
    title = {Briefwechsel zwischen {C.~F.~Gauss} und {H.~C.~Schumacher}},
    volume = {2},
    publisher = {Esch},
    address = {Altona, Germany},
    year = {1860},
    note = {C.~A.~F.~Peters, editor}
}

@book{Gazale:2000,
    author = {M. Gazal\'{e}},
    title = {Number; from {A}hmes to {C}antor},
    publisher = {Princeton University Press},
    address = {Princeton, NJ},
    year = {2000}
}

%{Gelman:2004,
%Gelman A, Carlin JB, Stern HS, Rubin DB (2004) Bayesian Data Analysis, Second Edition. Chapman and Hall, Boca Raton

@unpublished{GelmanShalizi:2010,
    author = {A. Gelman and C.~R. Shalizi},
    title = {Philosophy and the practice of {B}ayesian statistics},
    year = {2010},
    note = {\url{http://arxiv.org/abs/arXiv:1006.3868}}
}

@book{Gibbon:1805,
    author = {E. Gibbon},
    title = {The History of the Decline and Fall of the Roman Empire},
    volume = {VIII},
    publisher = {W.~Y. Birch \& A. Small},
    address = {Philadelphia, PA},
    year = {1805}
}

@article{Gigerenzer&Goldstein:1996,
    author = {G. Gigerenzer and D.~G. Goldstein},
    title = {Reasoning the fast and frugal way: Models of bounded rationality},
    journal = {Psychological Review},
    volume = {103},
    year = {1996},
    pages = {650--669}
}
%doi: 10.1037/0033-295X.103.4.650

@book{Gigerenzer:2000,
	author = {G. Gigerenzer},
	title = {Adaptive Thinking: Rationality in the Real World},
	publisher = {Oxford University Press},
	address = {Oxford, UK},
	year = {2000}
}

@incollection{GilbertRouche:1996,
    author = {T. Gilbert and N. Rouche},
    title = {Y a-t-il vraiment autant de nombres pairs que de naturels?},
    editor = {A. P\'{e}try},
    booktitle = {M\'{e}thodes et Analyse Non Standard},
    series = {Cahiers du Centre de Logique},
    volume = {9},
    publisher = {Bruylant-Academia},
    address = {Louvain-la-Neuve, Belgium},
    year = {1996},
    pages = {99--139}
}

%{Gillies:2001,
%Gillies D (2001) Bayesianism and the fixity of the theoretical framework. In: Corfield D, Williamson J (eds) Foundations of {B}ayesianism, Kluwer, pp 363--379

%{Glymour:1980,
%Glymour C (1980) Why {I} am not a {B}ayesian. In: Glymour C (ed) Theory and Evidence, Princeton University Press, Princeton, pp 63--93

@book{Goldblatt:1998,
    author  = {R. Goldblatt},
    title   = {Lectures on the Hyperreals; An Introduction to Nonstandard Analysis},
    series = {Graduate Texts in Mathematics},
    volume = {188},
    publisher = {Springer},
    address = {New York, NY},
    year    = {1998}
}

@book{Goldman:1999,
    author  = {A.~I. Goldman},
    title   = {Knowledge in a Social World},
    publisher = {Oxford University Press},
    address = {Oxford, UK},
    year    = {1999}
}

@article{Goodin:1975,
    author = {R.~E. Goodin},
    title = {Uncertainty as an Excuse for Cheating Our Children: The Case of Nuclear Wastes},
    journal = {Policy Sciences},
    volume = {10},
    year = {1978},
    pages = {25--43}
}

@article{Goosens:1979,
	author = {W.~K. Goosens},
	title = {Alternative Axiomatizations of Elementary Probability Theory},
	journal = {Notre Dame Journal of Formal Logic},
	volume = {XX},
	year = {1979},
	pages = {227--239}
}

@article{Hacking:1968,
	author = {I. Hacking},
	title = {On falling short of strict coherence},
	journal = {Philosophy of Science},
	volume = {35},
	year = {1968},
	pages = {284--286}
}

@book{Hacking:1975,
    author  = {I. Hacking},
    title   = {The Emergence of Probability: A Philosophical Study of Early Ideas about Probability, Induction and Statistical Inference},
    publisher = {Cambridge University Press},
    address = {Cambridge, UK},
    year    = {1975}
}

%{Haenni-etal:2009,
%Haenni R, Romeijn JW, Wheeler G, Williamson J (2003) Probabilistic Logics and Probabilistic Networks, Synthese Library: Studies in Epistemology, Logic, Methodology, and Philosophy of Science, vol 350. Springer, Dordrecht, The Netherlands

@article{Hajek:2003a,
    author  = {A. H\'{a}jek},
    title   = {What conditional probability could not be},
    journal = {Synthese},
    volume  = {137},
    pages   = {273--323},
    year    = {2003}
}

@article{Hajek:2003b,
    author  = {A. H\'{a}jek},
    title   = {Waging war on {P}ascal's wager},
    journal = {The Philosophical Review},
    volume  = {112},
    pages   = {27--56},
    year    = {2003}
}

@article{Hajek:2007a,
    author  = {A. H\'{a}jek},
    title   = {The reference class problem is your problem too},
    journal = {Synthese},
    volume  = {156},
    pages   = {563--585},
    year    = {2007}
}

@incollection{Hajek:2007b,
    author = {A. H\'{a}jek},
    title = {Interpretations of probability},
    editor = {N. Zalta},
    booktitle = {Stanford Encyclopedia of Philosophy},
    year = {2007},
    note = {\url{http://plato.stanford.edu/entries/probability-interpret/}}
}

@incollection{Hajek:2008,
    author = {A. H\'{a}jek},
    title = {A philosopher's guide to probability},
    editor = {G. Bammer and M. Smithson},
    booktitle = {Uncertainty and Risk: Multidisciplinary Perspectives},
    publisher = {Earthscan},
    address = {London, UK},
    year = {2008}
}

@article{Hajek:2012a,
    author  = {A. H\'{a}jek},
    title   = {Is strict coherence coherent?},
    journal = {Dialectica},
    volume  = {66},
    pages   = {411--424},
    year    = {2012}
}

@unpublished{Hajek:2012b,
    author = {A. H\'{a}jek},
    title = {Staying regular?},
    year = {2012},
    note = {Unpublished manuscript},
    url = {http://philrsss.anu.edu.au/sites/default/files/Staying%20Regular.December%2028.2012.pdf}
}

@article{HakeHyman:1953,
    author = {H.~W. Hake and R. Hyman},
    title = {Perception of the Statistical Structure of a Random Series of Binary Symbols},
    journal = {Journal of Experimental Psychology},
    volume = {45},
    year = {1953},
    pages = {64--74}
}
% J Exp Psychol.

@book{Halpern:2003,
    author = {J.~Y. Halpern},
    title = {Reasoning about Uncertainty},
    publisher = {MIT Press},
    address = {Cambridge, MA},
    year    = {2003}
}

@article{Halpern:2010,
    author = {J.~Y. Halpern},
    title = {Lexicographic probability, conditional probability, and nonstandard probability},
    journal = {Games and Economic Behavior},
    volume = {68},
    year = {2010},
    pages = {155--179}
}

@article{Hamkins:2002,
    author = {J.~D. Hamkins},
    title = {Infinite time {T}uring machines},
    journal = {Minds and Machines},
    volume = {12},
    year = {2002},
    pages = {521--539}
}

@article{Hamming:1950,
    author = {R.~W. Hamming},
    title = {Error Detecting and Error Correcting Codes},
    journal = {The Bell System Technical Journal},
    volume ={29},
    year = {1950},
    pages = {147--160}
}

@article{Hansson:1999,
    author = {S.~O. Hansson},
    title = {A philosophical perspective on risk},
    journal = {Ambio},
    volume ={28},
    year = {1999},
    pages = {539--542}
}

@book{Harman:1986,
    author  = {G. Harman},
    title   = {Change in View: Principles of Reasoning},
    publisher = {MIT Press},
    address = {Cambridge, MA},
    year    = {1986}
}

@article{Harper:1975,
    author = {W.~L. Harper},
    title = {Rational Belief Change, {P}opper Functions and Counterfactuals},
    journal = {Synthese},
    volume ={30},
    year = {1975},
    pages = {221--262}
}

@incollection{Hartmann:2008,
    author = {S. Hartmann},
    title = {Modeling in philosophy of science},
    editor = {M. Frauchiger and W.~K. Essler},
    booktitle = {Representation, Evidence, and Justification: Themes from {S}uppes},
    series = {Lauener Library of Analytical Philosophy},
    volume = {1},
    publisher = {Ontos Verlag},
    address = {Frankfurt am Main, Germany},
    year = {2008},
    pages = {95--121}
}

@incollection{HartmannSprenger:2010,
    author = {S. Hartmann and J. Sprenger},
    title = {Bayesian epistemology},
    editor ={S. Bernecker and D. Pritchard},
    booktitle = {Routledge Companion to Epistemology},
    publisher = {Routledge},
    address = {London, UK},
    year = {2010}
}

@article{HawthorneBovens:1999,
    author  = {J. Hawthorne and L. Bovens},
    title   = {The preface, the lottery, and the logic of belief},
    journal = {Mind},
    volume  = {108},
    pages   = {241--264},
    year    = {1999}
}

@article{Hayes:2001,
    author = {B. Hayes},
    title = {Randomness as a Resource},
    journal = {American Scientist},
    volume = {89},
    year = {2001},
    pages = {300--304}
}
%DOI: 10.1511/2001.4.300

@book{Heath:1897,
	editor = {T.~L. Heath},
	title = {The works of {A}rchimedes; edited in modern notation with introductory chapters},
	year = {1897},
	publisher = {Cambridge University Press},
	address = {Cambridge, UK}
}
%via archive.org

@book{HedstromBearman:2009,
	editor = {P. Hedstr\"{o}m and P. Bearman},
	title = {The Oxford Handbook of Analytical Sociology},
	year = {2009},
	publisher = {Oxford University Press},
	address = {Oxford, UK}
}

@article{HegselmannKrause:2002,
    author = {R. Hegselmann and U. Krause},
    title = {Opinion dynamics and bounded confidence models, analysis, and simulation},
    journal = {Journal of Artifical Societies and Social Simulation},
    volume = {5},
    year = {2002},
    note = {\url{http://jasss.soc.surrey.ac.uk/5/3/2.html}}
}

@article{HegselmannKrause:2005,
    author = {R. Hegselmann and U. Krause},
    title = {Opinion Dynamics Driven by Various Ways of Averaging},
    journal = {Computational Economics},
    volume = {25},
    year = {2005},
    pages = {381--405}
}

@article{HegselmannKrause:2006,
    author = {R. Hegselmann and U. Krause},
    title = {Truth and Cognitive Division of Labor: First Steps towards a Computer Aided Social Epistemology},
    journal = {Journal of Artificial Societies and Social Simulation},
    volume = {9},
    year = {2006},
    note = {\url{http://jasss.soc.surrey.ac.uk/9/3/10.html}}
}

@article{HegselmannKrause:2009,
    author = {R. Hegselmann and U. Krause},
    title = {Deliberative Exchange, Truth, and Cognitive Division of Labor: A Low-resolution Modeling Approach},
    journal = {Episteme},
    volume = {6},
    year = {2009},
    pages = {130--144}
}

@article{Hempel:1981,
    author = {C.~G. Hempel},
    title = {Turns in the evolution of the problem of induction},
    journal = {Synthese},
    volume = {46},
    year = {1981},
    pages = {389--404}
}

%{Henderson:2010,
%Henderson NL, Goodman JD, Tenenbaum JB, Woodward F (2010) The structure and dynamics of scientific theories: A hierarchical {B}ayesian perspective. Philosophy of Science 77(2)

@article{Henson:1972,
    author = {C.~W. Henson},
    title = {On the nonstandard representation of measures},
    journal = {Transactions of the {A}merican Mathematical Society},
    volume = {172},
    year = {1972},
    pages = {437--446}
}

@article{HertwigErev:2009,
	author = {R. Hertwig and I. Erev},
	title = {The description-experience gap in risky choice},
	journal = {Trends in Cognitive Sciences},
	volume = {13},
	year = {2009},
	pages = {517--523}
}

@article{Hertwig_etal:2004,
	author = {R. Hertwig and G. Barron and E.~U. Weber and I. Erev},
	title = {Decisions from experience and the effect of rare events in risky choice},
	journal = {Psychological Science},
	volume = {15},
	year = {2004},
	pages = {534--539}
}

@article{Herzberg:2007a,
	author = {F. Herzberg},
	title = {Internal laws of probability, generalized likelihoods and {L}ewis's infinitesimal chances---{A} response to {A}dam {E}lga},
	journal = {British Journal for the Philosophy of Science},
	volume = {58},
	year = {2007},
	pages = {25--43}
}

@incollection{Herzberg:2007b,
    author = {F.~S. Herzberg},
    title = {On two recent applications of nonstandard analysis to the theory of financial markets},
    editor = {I. van den Berg and N. Neves},
    booktitle = {The Strength of Nonstandard Analysis},
    pages = {177--188},
    publisher = {Springer},
    address = {Vienna, Austria},
    year = {2007}
}

@article{Herzberg:2010,
	author = {F. Herzberg},
	title = {The Consistency of Probabilistic Regresses. A Reply to {J}eanne {P}eijnenburg and {D}avid {A}tkinson},
	journal = {Studia Logica},
	volume = {94},
	year = {2010},
	pages = {331--345}
}

@article{Hewitt:1948,
	author = {E. Hewitt},
	title = {Rings of real-valued continuous functions {I}},
	journal = {Transactions of the American Mathematical Society},
	volume = {64},
	year = {1948},
	pages = {54--99}
}

@article{Hilbert:1900,
    author = {D. Hilbert},
    title = {Mathematische {P}robleme},
    journal = {G{\"o}ttinger Nachrichten},
    volume = {},
    year = {1900},
    pages = {253--297},
    note = {Translated as ``Mathematical Problems'', \textit{Bulletin of the American Mathematical Society}, \textbf{8}, no. 10 (1902), pp. 437--479.}
}
%also: Archiv der Mathematik und Physik, 3rd series, vol. 1 (1901), pp. 44ï¿½63, 213ï¿½237.

@article{Hilbert:1926,
    author = {D. Hilbert},
    title = {\"{U}ber das {U}nendliche},
    journal = {Mathematische Annalen},
    volume = {95},
    year = {1926},
    pages = {161--190}
}

%{Hill:2010,
%Hill B (2010) Awareness dynamics. Journal of Philosophical Logic 39:113--137

@article{HillDunbar:2003,
    author = {R.~A. Hill and R.~I.~M. Dunbar},
    title = {Social Network Size in Humans},
    journal = {Human Nature},
    volume = {14},
    year = {2003},
    pages = {53--72}
}

@article{HillsHerbert:2010,
	author = {T.~T. Hills and R. Herbert},
	title = {Information search in decisions from experience: do our patterns of sampling foreshadow our decisions?},
	journal = {Psychological Science},
	volume = {21},
	year = {2010},
	pages = {1787--1792}
}

@article{Hofweber:2014,
	author = {T. Hofweber},
	title = {Infinitesimal chances},
	journal = {Philosophers' Imprint},
	volume = {14},
	year = {2014},
	pages = {1--14}
}

@article{HofweberSchindler:2016,
	author = {T. Hofweber and R. Schindler},
	title = {Hyperreal-valued probability measures approximating a real-valued measure},
	journal = {Notre Dame Journal of Formal Logic},
    volume = {57},
	year = {2016},
    pages = {369--374}
}

%{Hogg:2012,
%Hogg DW (2012) Data analysis recipes: Probability calculus for inference, \urlprefix\url{http://arxiv.org/abs/1205.4446v1}

@incollection{Hoover:1980,
    author = {D~N. Hoover},
    title = {A note on regularity},
    booktitle = {Studies in Inductive Logic and Probability},
    editor = {R.~C. Jeffrey},
    volume = {2},
    publisher = {University of California Press},
    address = {Berkeley, CA},
    year = {1980},
    pages = {295--297}
}
%Chapter 14
%CA = California

@article{HorstenDouven:2008,
    author = {L. Horsten and I. Douven},
    title = {Formal methods in the philosophy of science},
    journal = {Studia Logica},
    volume = {89},
    pages = {151--162},
    year = {2008}
}

@article{HorstenWelch:2013,
    author = {L. Horsten and P. Welch},
    title = {The aftermath},
    journal = {Mathematical Intelligencer},
    volume = {35},
    pages = {16--20},
    year = {2013}
}

@unpublished{Hoyle:2007a,
    author = {J.~W. Hoyle},
    title = {Infinitesimals in modern mathematics},
    year = {2007},
    note = {Handout; \url{http://www.jonhoyle.com/MAAseaway/Infinitesimals.html}}
}
%The Mathematical Association of America

@unpublished{Hoyle:2007b,
    author = {J.~W. Hoyle},
    title = {Infinitesimals in modern mathematics},
    year = {2007},
    note = {Slides; \url{http://www.jonhoyle.com/Presentations/Infinitesimals/}}
}
%The Mathematical Association of America

@article{Howson:2017,
    author  = {C. Howson},
    title   = {Regularity and infinitely tossed coins},
    journal = {European Journal for Philosophy of Science},
    volume  = {7},
    year    = {2017},
    pages = {97--102}
}

@article{Hrbacek:1978,
    author  = {K. Hrb\'{a}\v{c}ek},
    title   = {Axiomatic foundations for nonstandard analysis},
    journal = {Fundamenta Mathematicae},
    volume  = {98},
    year    = {1978},
    pages = {1--19}
}

@incollection{Hrbacek:2007,
    author = {K. Hrb\'{a}\v{c}ek},
    title = {Stratified analysis?},
    editor = {I. van den Berg and N. Neves},
    booktitle = {The Strength of Nonstandard Analysis},
    pages = {47--63},
    publisher = {Springer},
    address = {Vienna, Austria},
    year = {2007}
}

@article{Hrbacek_etal:2010,
    author  = {K. Hrb\'{a}\v{c}ek and O. Lessmann and R. {O'Donovan}},
    title   = {Analysis with ultrasmall numbers},
    journal = {The American Mathematical Monthly},
    volume  = {117},
    year    = {2010},
    pages = {801--816}
}

@book{Hume:1739,
    author = {D. Hume},
    title = {A Treatise of Human Nature},
    year = {1739--1740},
    note = {Reprinted by Oxford University Press, Oxford, UK, 2000}
}

@book{HurdLoeb:1985,
    author = {A.~E. Hurd and P.~A. Loeb},
    title = {An introduction to Nonstandard Real Analysis},
    publisher = {Academic Press},
    address = {Orlando, FL},
    series = {Pure and Applied Mathematics},
    volume = {118},
    year = {1985}
}

@article{Jacobmeier:2005,
    author = {D. Jacobmeier},
    title = {Multidimensional Consensus Model on a {B}arab\'{a}si--{A}lbert Network},
    journal = {International Journal of Modern Physics C},
    volume = {16},
    year = {2005},
    pages = {633--646}
}

@article{Jaynes:1957,
    author = {E.~T. Jaynes},
    title = {Information theory and statistical mechanics},
    journal = {Physical Review},
    volume = {106},
    year = {1957},
    pages = {620--630}
}

@article{Jaynes:1973,
    author = {E.~T. Jaynes},
    title = {The well-posed problem},
    journal = {Foundations of Physics},
    volume = {3},
    year = {1973},
    pages = {477--493}
}
%{Jeffrey:1983,
%Jeffrey R (1983) Bayesianism with a human face. Minnesota studies in the philosophy of science 10:133--156

@unpublished{Jensen:2007,
    author = {D. Jensen},
    title = {Nonstandard analysis},
    year = {2007},
    note = {Notes for mathcamp; \url{http://www.ma.utexas.edu/users/djensen/Nonstandard%20Analysis.pdf}}
}
%{Joyce:1999,
%Joyce J (1999) The Foundations of Causal Decision Theory. Cambridge University Press, New York, NY

@incollection{Kadane_etal:1986,
    author = {J.~B. Kadane and M.~J. Schervish and T. Seidenfeld},
    title = {Statistical implications of finitely additive probability},
    editor = {P.~K. Goel and A. Zellnder},
    booktitle = {Bayesian Inference and Decision Techniques},
    publisher = {Elsevier},
    address ={Amsterdam, The Netherlands},
    year = {1986}
}

@article{Kahneman:2003,
    author = {D. Kahneman},
    title = {Maps of Bounded Rationality: Psychology for Behavioral Economics},
    journal = {The American Economic Review},
    volume = {93},
    year = {2003},
    pages = {1449--1475}
}

@article{KahnemanTversky:1979,
    author = {D. Kahneman and A. Tversky},
    title = {Prospect theory: an analysis of decision under risk},
    journal = {Econometrica},
    volume = {47},
    year = {1979},
    pages = {263--292}
}

@book{Kanamori:1994,
	author = {A. Kanamori},
	title = {The higher infinite. Large cardinals from their beginnings.},
	publisher = {Springer},
	address = {},
	year = {1994}
}

@article{Kanovei_etal:2013,
    author = {V. Kanovei and M.~G. Katz and T. Mormann},
    title = {Tools, Objects, and Chimeras: {C}onnes on the Role of Hyperreals in Mathematics},
    journal = {Foundations of Science},
    volume = {18},
    year = {2013},
    pages = {259--296}
}

@article{Katz:1973,
    author = {A. Katz},
    title = {Process Design for Selection of Hemodialysis and Organ Transplant Recipients},
    journal = {Buffalo Law Review},
    volume = {22},
    year = {1973},
    pages = {373--418}
}

@article{KatzKatz:2010,
    author = {K.~U. Katz and M.~G. Katz},
    title = {Zooming in on infinitesimal 1 -- .9\ldots\ in a post-triumvirate era},
    journal = {Educational Studies in Mathematics},
    volume = {74},
    year = {2010},
    pages = {259--273}
}
%Educ. Stud. Math.

@article{KatzSherry:2012a,
    author = {M.~G. Katz and D.~M. Sherry},
    title = {Leibniz's laws of continuity and homogeneity},
    journal = {Notices of the American Mathematical Society},
    volume = {59},
    year = {2012},
    pages = {1550--1558}
}
%issue 11

@article{KatzSherry:2013,
    author = {M.~G. Katz and D. Sherry},
    title = {Leibniz's infinitesimals: their fictionality, their modern implementations, and their foes from {B}erkeley to {R}ussell to beyond},
    journal = {Erkenntnis},
    volume = {78},
    year = {2013},
    pages = {571--625}
}
%DOI 10.1007/s10670-012-9370-y

@article{Katz:201x,
    author = {M.~G. Katz},
    title = {Leibniz's infinitesimals: their fictionality, their modern implementations, and their foes from {B}erkeley to {R}ussell to beyond},
    journal = {Erkenntnis},
    volume = {78},
    year = {2014},
    pages = {571--625}
}
%Mss nog andere auteurs?

@book{Keeney_etal:2011,
	author = {S. Keeney and F. Hasson and H. Mc{K}enna},
	title = {The {D}elphi Technique in Nursing and Health Care Research},
	publisher = {Wiley-Blackwell},
	address = {West Sussex, UK},
	year = {2011}
}

@article{Keisler:1963,
    author = {H.~J. Keisler},
    title = {Limit ultrapowers},
    journal = {Transactions of the American Mathematical Society},
    volume = {107},
    year = {1963},
    pages = {383--408}
}

@book{Keisler:1976a,
    author = {H.~J. Keisler},
    title = {Elementary Calculus: An Approach Using Infinitesimals},
    publisher = {Prindle, Weber \& Schmidt},
    address = {Boston, MA},
    year = {1976},
    note = {Revised 2nd edition in 1986. Online edition (2010, revised in 2012) available for free download: \url{http://www.math.wisc.edu/~keisler/calc.html}}
}
%Sullivan states the year: 1971
%Also known by the title: "Elementary Calculus: An Infinitesimal Approach"

@book{Keisler:1976b,
    author = {H.~J. Keisler},
    title = {Foundations of Infinitesimal Calculus},
    publisher = {Prindle, Weber \& Schmidt},
    address = {Boston, MA},
    year = {1976},
    note = {Online edition (2007) available for free download: \url{http://www.math.wisc.edu/~keisler/foundations.html}}
}
%Companion to the textbook "Elementary Calculus: An Approach Using Infinitesimals"
%Formerly known as: Keisler:2011
%\bibitem{Keisler:2009} Keisler, H.~J. \textsl{Foundations of infinitesimal calculus.} Last edition, University of Wisconsin at Madison (2009).

@book{KeislerFajardo:2002,
    author = {H.~J. Keisler and S. Fajardo},
    title = {Model Theory of Stochastic Processes},
    series = {Lecture Notes in Logic},
    publisher = {Association for Symbolic Logic},
    year = {2002}
}

@incollection{Keisler:2010,
	author = {H.~J. Keisler},
	title = {The Ultraproduct Construction},
	editor = {V. Bergelson and A. Blass and M. {Di Nasso} and R. Jin},
	booktitle = {Ultrafilters Across Mathematics},
    series = {Contemporary Mathematics},
    volume = {530},
	publisher = {American Mathematical Society},
	year = {2010},
    pages = {163--179},
    notes = {\url{http://www.math.wisc.edu/~keisler/ultraproducts-web-final.pdf}}
}
%	address = {},
%AMS; Amer. Math. Soc.

@book{Kelly:1996,
    author  = {Kevin T. Kelly},
    title   = {The Logic of Reliable Inquiry},
    publisher = {Oxford University Press},
    address = {Oxford, UK},
    year    = {1996}
}

@article{Kemeny:1955,
    author = {J.~G. Kemeny},
    title = {Fair bets and inductive probabilities},
    journal = {The Journal of Symbolic Logic},
    volume = {20},
    year = {1981},
    pages = {263--273}
}
%John G.

@article{KerkvlietMeester:2016,
    author = {T. Kerkvliet and R. Meester},
    title = {Uniquely determined uniform probability on the natural numbers},
    journal = {Journal of Theoretical Probability},
    volume = {29},
    year = {2016},
    pages = {797--825}
}
%\url{http://arxiv.org/abs/1402.3999}

@book{Keynes:1921,
    author = {J.~M. Keynes},
    title = {A Treatise on Probability},
    publisher = {Macmillan},
    address = {New York, NY},
    year = {1921}
}

@article{Kilner:1981,
    author = {J.~F. Kilner},
    title = {A Moral Allocation of Scarce Lifesaving Medical Resources},
    journal = {Journal of Religious Ethics},
    volume = {9},
    year = {1981},
    pages = {245--285}
}

@article{Klein:1985,
    author  = {P. Klein},
    title   = {The virtues of inconsistency},
    journal = {Monist},
    volume  = {68},
    pages   = {105--135},
    year    = {1985}
}

@article{Kleiner:2001,
    author  = {I. Kleiner},
    title   = {History of the Infinitely Small and the Infinitely Large in Calculus},
    journal = {Educational Studies in Mathematics},
    volume  = {48},
    pages   = {137--174},
    year    = {2001}
}

@book{Kolmogorov:1933,
    author  = {A. N. Kolmogorov},
    title   = {{G}rundbegriffe der {W}ahrscheinlichkeitrechnung},
    series = {{E}rgebnisse der {M}athematik},
    year    = {1933},
    publisher = {Springer},
    address = {Berlin, Germany},
    note = {Translated by N.~Morrison, \textsl{Foundations of probability.} Chelsea Publishing Company, 1956 (2nd ed.)}
}

@article{Kolmogorov:1948,
    author = {A. N. Kolmogorov},
    title = {Alg\`ebres de {B}oole m\'etriques compl\`etes},
    journal = {VI Zjazd Matematyk\'ow Polskich},
    volume = {},
    year = {1948},
    pages = {21--30},
    note = {Translated by R.~C.\ Jeffrey as ``Complete metric {B}oolean algebras'' \textit{Philosophical Studies} \textbf{77} pp.~57--66, 1995.}
}
% Warsaw

@article{KomjathTotik:2008,
    author = {P. Komj\'{a}th and V. Totik},
    title = {Ultrafilters},
    journal = {American Mathematical Monthly},
    volume = {115},
    year = {2008},
    pages = {33--44}
}

@article{KornhauserSager:1986,
    author = {L.~A. Kornhauser and L.~G. Sager},
    title = {Unpacking the Court},
    journal = {Yale Law Journal},
    volume = {96},
    year = {1986},
    pages = {82--117}
}

@book{KossakSchmerl:2006,
    author  = {R. Kossak and J.H. Schmerl},
    title   = {The Structure of Models of {P}eano {A}rithmetic},
    series  = {Oxford Logic Guides},
    volume = {50},
    year    = {2006},
    publisher = {Clarendon Press},
    address = {Oxford, UK}
}

@book{Krailsheimer:1995,
    author  = {B. Pascal},
    title   = {Pens{\'e}es},
    year    = {1670/1995},
    publisher = {Penguin Classics},
    address = {},
    note = {Translated by A.J. Krailsheimer}
}

@book{Krantz_etal:1971,
    author  = {D. Krantz and R. Luce and P. Suppes and A. Tversky},
    title   = {Foundations of measurement {I}: {A}dditive and polynomial representations},
    year    = {1971},
    publisher = {Academic Press},
    address = {}
}

@article{Kremer:2014,
    author = {P. Kremer},
    title = {Indeterminacy of fair infinite lotteries},
    journal = {Synthese},
    volume = {191},
    year = {2014},
    pages = {1757--1760}
}

@inproceedings{Krhovjak:2006,
    author = {J. Krhovj\'{a}k},
    title = {Analysis, demands, and properties of pseudorandom number generators},
    booktitle = {Mikul\'{a}\v{s}sk\'{a} Kryptobes\'{i}dka},
    year = {2006},
    address = {Prague, Czech Republic},
    pages = {55--65}
}
%     note = {ISBN: 80-903083-7-6}

@article{Krueger:1989,
    author = {L.~E. Krueger},
    title = {Reconciling Fechner and Stevens: Toward a unified psychophysical law},
    journal = {Behavioral and Brain Sciences},
    volume = {12},
    year = {1989},
    pages = {251--267}
}
%Behav. Brain. Sci.

@book{Kubilius:1962,
    author = {J. Kubilius},
    title = {Probabilistic Methods in the Theory of Numbers},
    year = {1962},
    note = {Translated by G. Burgie \& S. Schuur. \textit{Translation of mathematical monographs}, Volume 11. 1978, 3rd ed. (American Mathematical Society).}
}

@book{Kuipers:1987,
    editor  = {Kuipers, T.~A.~F.},
    title   = {What is Closer-to-the-Truth?: A Parade of Approaches to Truthlikeness},
    series = {Pozna\'{n} Studies in the Philosophy of the Sciences and the Humanities},
    volume = {10},
    publisher = {Rodopi},
    address = {Amsterdam, The Netherlands},
    year    = {1987}
}

@book{Kyburg:1961,
    author  = {Kyburg, Jr, H.~E.},
    title   = {Probability and the Logic of Rational Belief},
    publisher = {Wesleyan University Press},
    address = {Middletown, CT},
    year    = {1961}
}

@article{Lang:2000,
    author  = {A. Lang},
    title   = {The limited capacity model of mediated message processing},
    journal = {Journal of Communication},
    volume  = {50},
    pages   = {46--70},
    year    = {2000}
}

@book{Laplace:1814,
    author = {Laplace, P.-S.},
    title = {Essai Philosophique sur les Probabilit\'{e}s},
    address = {Paris, France},
    year = {1814},
    note = {3th edition printed by V.~Courcier, Paris, France, 1816. Translated by Truscott, F.~W., Emory, F.~L. \textsl{Philosophical Essay on Probabilities.} Wiley (1902) New York, NY}
}
% P.-S. de Laplace

@article{Laski&Siegler:2007,
	author = {E.~V. Laski and R.~S. Siegler},
	title = {Is 27 a big number? Correlational and Causal Connections Among Numerical Categorization, Number Line Estimation, and Numerical Magnitude Comparison},
	journal = {Child Development},
	volume = {78},
	year = {2007},
	pages = {1723--1743}
}

@book{LatourWoolgar:1979,
    author = {B. Latour and S. Woolgar},
    title = {Laboratory Life: the Social Construction of Scientific Facts},
    publisher = {Sage Publications},
    address = {Los Angeles, CA},
    year = {1979}
}

@article{Laughlin_etal:2002,
    author = {P.~R. Laughlin and B.~L. Bonner and A.~G. Miner},
    title = {Groups perform better than the best individuals on Letters-to-Numbers problems},
    journal = {Organizational Behavior and Human Decision Processes},
    volume = {88},
    year = {2002},
    pages = {605--620}
}

@article{Lauwers:2016,
    author = {L. Lauwers},
    title = {Why decision theory remains constructively incomplete},
    journal = {Mind},
    volume = {125},
    year = {2016},
    pages = {1033--1043}
}

@article{Lauwers:2017,
    author = {L. Lauwers},
    title = {Infinite lotteries, large and small sets},
    journal = {Synthese},
    volume = {194},
    year = {2017},
    pages = {2203--2209}
}
%Working paper 2010 Purely finitely additive measures are non-constructible objects, \url{http://www.econ.kuleuven.be/ces/discussionpapers/Dps10/DPS1010.pdf}

@article{Lavine:1995,
    author  = {S. Lavine},
    title   = {Finite mathematics},
    journal = {Synthese},
    volume  = {103},
    pages   = {389--420},
    year    = {1995}
}

@article{Lehman:1955,
    author  = {R.~S. Lehman},
    title   = {On confirmation and rational betting},
    journal = {The Journal of Symbolic Logic},
    volume  = {20},
    pages   = {251--262},
    year    = {1955}
}

@article{LehmannMagidor:1992,
    author = {D. Lehmann and M. Magidor},
    title = {What does a conditional knowledge base entail?},
    journal = {Artificial Intelligence},
    volume = {55},
    pages = {1--60},
    year = {1992}
}

@book{LehrerWagner:1981,
    author = {K. Lehrer and C. Wagner},
    title = {Rational Consensus in Science and Society},
    publisher = {D.~Reidel},
    address = {Dordrecht, The Netherlands},
    year = {1981}
}

@article{Leitgeb:2012,
    author = {H. Leitgeb},
    title = {A Probabilistic Semantics For Counterfactuals. Parts {A}, {B}},
    journal = {Review of Symbolic Logic},
    volume = {5},
    year = {2012},
    pages = {26--121}
}

@book{Leitgeb:2017,
    author = {H. Leitgeb},
    title = {The stability of belief: How rational belief coheres with probability},
    publisher = {Oxford University Press},
    address = {},
    year = {2017},
}

@book{Leslie:1998,
    author = {J. Leslie},
    title = {The End of the World: The Science and Ethics of Human Extinction},
    publisher = {Routledge},
    address = {London, UK},
    year = {1998}
}

@article{Levi:1978,
    author = {I. Levi},
    title = {Coherence, regularity and conditional probability},
    journal = {Theory and Decision},
    volume = {9},
    year = {1978},
    pages = {1--15}
}

@book{Levy:1981,
    author = {Levy, Jr, M.~J.},
    title = {Levy's Eleven Laws of the Disillusionment of the True Liberal},
    publisher = {Princeton University Press},
    address = {Princeton, NJ},
    year = {1981},
    note = {5th ed.}
}

@book{Lewis:1969,
    author = {D.~K. Lewis},
    title = {Convention: a Philosophical Study},
    publisher = {Harvard University Press},
    address = {Cambridge, MA},
    year = {1969},
    note = {Reprinted by Wiley-Blackwell, Oxford, UK, 2002}
}

@article{Lewis:1973,
    author = {D. Lewis},
    title = {Causation},
    journal = {The Journal of Philosophy},
    volume = {70},
    year = {1973},
    pages = {556--567}
}

@incollection{Lewis:1980,
    author = {D.~K. Lewis},
    title = {A subjectivist's guide to objective chance},
    editor = {R.~C. Jeffrey},
    booktitle = {Studies in Inductive Logic and Probability},
    volume = {2},
    publisher = {University of California Press},
    address = {Berkeley, CA},
    year = {1980},
    pages = {263--293}
}
% also appeared in: ``IFs'' The University of Western Ontario Series in Philosophy of Science Volume 15, 1981, pp 267-297
@inbook{Lewis:1986specific,
    author = {D.~K. Lewis},
    title = {Philosophical Papers},
    chapter = {A Subjectivist's Guide to Objective Chance},
    volume = {II},
    publisher = {Oxford University Press},
    address = {Oxford, UK},
    year = {1986}
}

@book{Lewis:1986,
    author = {D.~K. Lewis},
    title = {Philosophical Papers},
    volume = {II},
    publisher = {Oxford University Press},
    address = {Oxford, UK},
    year = {1986}
}

@article{Lewis:1988,
    author = {D. Lewis},
    title = {Desire as belief},
    journal = {Mind},
    volume = {97},
    year = {1988},
    pages = {323--332}
}

@article{Lewis:1996,
    author = {D. Lewis},
    title = {Desire as belief II},
    journal = {Mind},
    volume = {105},
    year = {1996},
    pages = {303--313}
}

@book{LinstoneTuroff:1975,
	editor = {H.~A. Linstone and M. Turoff},
	title = {The {D}elphi Method: Techniques and Applications},
	publisher = {Addison-Wesley},
    address = {Reading, MA},
	year = {1975}
}

@book{Lindley:1991,
	editor = {D.~V. Lindley},
	title = {Making Decisions},
	publisher = {Wiley},
    address = {UK},
	year = {1991},
    note = {2nd edition}
}
% first edition 1971

@book{Lindley:2006,
	editor = {D.~V. Lindley},
	title = {Understanding Uncertainty},
	publisher = {Wiley},
    address = {UK},
	year = {2006}
}

 @article{List:2005,
    author = {C. List},
    title = {The Probability of Inconsistencies in Complex Collective Decisions},
    journal = {Social Choice and Welfare},
    volume = {24},
    year = {2005},
    pages = {3--32}
}

@incollection{ListPuppe:2007,
    author = {C. List and C. Puppe},
    title = {Judgment Aggregation: A Survey},
    editor = {P. Anand and P. Pattaniak and C. Puppe},
    booktitle = {The Handbook of Rational and Social Choice},
    publisher = {Oxford University Press},
    address = {Oxford, UK},
    year = {2007},
    pages = {457--482}
}

@article{Loeb:1975,
    author = {P.~A. Loeb},
    title = {Conversion from nonstandard to standard measure spaces and applications in probability theory},
    journal = {Transactions of the American Mathematical Society},
    volume = {211},
    year = {1975},
    pages = {113--122}
}

@book{LoebWolff:2000,
    editor = {P.~A. Loeb and M. Wolff},
    title = {Nonstandard Analysis for the Working Mathematician},
    series = {Mathematics and its applications},
    publisher = {Kluwer},
    address = {Dordrecht, The Netherlands},
    year = {2000}
}

@article{Lorenz:2005,
    author = {J. Lorenz},
    title = {A stabilization theorem for dynamics of continuous opinions},
    journal = {Physica A: Statistical Mechanics and its Applications},
    volume = {355},
    year = {2005},
    pages = {217--223}
}

@article{Lorenz:2007,
    author = {J. Lorenz},
    title = {Continuous Opinion Dynamics under Bounded Confidence: A Survey},
    journal = {International Journal of Modern Physics C},
    volume = {18},
    year = {2007},
    pages = {1819--1838}
}

@incollection{Lorenz:2008,
    author = {J. Lorenz},
    title = {Fostering Consensus in Multidimensional Continuous Opinion Dynamics under Bounded Confidence},
    editor = {D. Helbing},
    booktitle = {Managing Complexity: Insights, Concepts, Applications},
    publisher = {Springer},
    address = {Berlin, Germany},
    year = {2008},
    pages = {321--334}
}

@article{LorenzUrbig:2007,
    author = {J. Lorenz and D. Urbig},
    title = {About the Power to Enforce and Prevent Consensus by Manipulating Communication Rules},
    journal = {Advances in Complex Systems},
    volume = {10},
    year = {2007},
    pages = {251--269}
}

@incollection{Los:1955,
    author = {J. {\L}o{\'s}},
    title = {Quelques remarques, th{\'e}or{\`e}mes, et probl{\`e}mes sur les classes d{\'e}finissables d'alg{\`e}bres},
    editor = {},
    booktitle = {Mathematical Interpretation of Formal Systems (Symposium, Amsterdam 1954)},
    series = {Studies in Logic and the Foundations of Mathematics},
    volume = {98},
    publisher = {North-Holland Publishing Co},
    address = {Amsterdam, The Netherlands},
    year = {1955},
    pages = {1--13}
}

@article{Luxemburg:1973,
	author = {W.~A. Luxemburg},
	title = {What is nonstandard analysis?},
	journal = {The American Mathematical Monthly},
	volume = {80},
	year = {1973},
	pages = {38--67}
}

@incollection{Luxemburg:2007,
    author = {W.~A. Luxemburg},
    title = {Foreword},
    editor = {I. van den Berg and N. Neves},
    booktitle = {The Strength of Nonstandard Analysis},
    publisher = {Springer},
    address = {Vienna, Austria},
    year = {2007},
    pages = {v--x}
}

@incollection{MacyFlache:2009,
	author = {M. Macy and A. Flache},
	title = {Social Dynamics from the Bottom up. {A}gent-Based Models of Social Interaction},
	editor = {P. Hedstr\"{o}m and P. Bearman},
	booktitle = {The Oxford Handbook of Analytical Sociology},
	year = {2009},
	publisher = {Oxford University Press},
	address = {Oxford, UK},
	pages = {245--268}
}

@article{MacyWiller:2002,
	author = {M. Macy and R. Willer},
	title = {From factors to actors: Computational sociology and agent-based modeling},
	journal = {Annual Review of Sociology},
	volume = {28},
	year = {2002},
	pages = {143--166}
}

@article{Makinson:1965,
    author  = {D. Makinson},
    title   = {The paradox of the preface},
    journal = {Analysis},
    volume  = {25},
    pages   = {205--207},
    year    = {1965}
}

@article{Malament:2008,
    author  = {D.~B. Malament},
    title   = {Norton's Slippery Slope},
    journal = {Philosophy of Science},
    volume  = {75},
    pages   = {799--816},
    year    = {2008}
}

@article{Mancosu:2009,
    author = {P. Mancosu},
    title = {Measuring the size of infinite collections of natural numbers: Was {C}antor's theory of infinite number inevitable?},
    journal = {The Review of Symbolic Logic},
    volume = {2},
    year = {2009},
    pages = {612--646}
}

@article{Martin-Lof:1966,
    author = {P. Martin-L\"{o}f},
    title = {The definition of random sequences},
    journal = {Information and Control},
    volume = {9},
    pages = {602--619},
    year = {1966}
}

@incollection{Martin-Lof:1990,
	author = {P. Martin-L\"{o}f},
	title = {Mathematics of infinity},
	editor = {P. Martin-L\"{o}f and G. Mints},
	booktitle = {COLOG-88 Computer logic},
    series = {Lecture Notes in Computer Science},
    volume = {417},
	year = {1990},
	publisher = {Springer},
	address = {Berlin, Germany},
	pages = {146--197}
}

@PhDthesis{Mas:2010,
	author = {M. M\"{a}s},
	title = {The Diversity Puzzle. Explaining Clustering and Polarization of Opinions},
    school = {University of Groningen, Faculty of Behavioural and Social Sciences, Department of Sociology},
    address = {Groningen, The Netherlands},
	year = {2010}
}
%    type = {{PhD} Dissertation},

@article{MatsumotoNishimura:1998,
    author = {M. Matsumoto and T. Nishimura},
    title = {Mersenne {T}wister: A 623-Dimensionally Equidistributed Uniform Pseudo-Random Number Generator},
    journal = {ACM Transactions on Modeling and Computer Simulation},
    volume = {8},
    pages = {3--30},
    year = {1998},
}

@article{McCallArmstrong:1989,
    author = {S. McCall and D.~M. Armstrong},
    title = {God's lottery},
    journal = {Analysis},
    volume = {49},
    year ={1989},
    pages = {223--224}
}

@incollection{McGee:1994,
	author = {V. McGee},
	title = {Learning the impossible},
	editor = {E. Eells and B. Skyrms},
	booktitle = {Probability and conditionals: Belief revision and rational decision},
	year = {1994},
	publisher = {Cambridge University Press},
	address = {Cambridge, UK},
	pages = {179--199}
}

@book{Mencken:1919,
    author  = {H.~L. Mencken},
    title   = {Prejudices: First Series},
    year    = {1919},
    note = {Reprinted by Wildside Press LLC, Rockville, MD, 2005}
}

@article{Metropolis:1987,
    author = {N. Metropolis},
    title = {Beginning of the {M}onte {C}arlo method},
    journal = {Los Alamos Science},
    issue = {15},
    pages = {125--130},
    year = {1987},
}

@book{Milbrodt:2010,
    author = {H. Milbrodt},
    title = {Wahrscheinlichkeitstheorie -- {E}ine {E}inf\"{u}hrung mit {A}nwendungen und {B}eispielen aus der {V}ersicherungs- und {F}inanzmathematik},
    publisher = {Verlag Versicherungswirtsch},
    address = {Karlsruhe, Germany},
    year = {2010}
}

@book{MoerdijkReyes:1991,
    author = {I. Moerdijk and G.~E. Reyes},
    title = {Models for Smooth Infinitesimal Analysis},
    publisher = {Springer},
    address = {Berlin, Germany},
    year = {1991}
}

%{Morey-etal:2013,
%Morey R, Romeijn JW, Rouder JN (2013) The humble {B}ayesian: Model checking from a fully {B}ayesian perspective. British Journal of Mathematical and Statistical Psychology 66:68--75

@article{Moyer&Landauer:1967,
    author = {R.~S. Moyer and T.~K. Landauer},
    title = {Time required for judgments of numerical inequality},
    journal = {Nature},
    volume = {215},
    year = {1967},
    pages = {1519--1520}
}

@article{NagleSchacht:2006,
    author = {B. Nagle and V. R\"{o}dl and M. Schacht},
    title = {The Counting Lemma for Regular k-Uniform Hypergraphs},
    journal = {Random Structures \& Algorithms},
    volume = {28},
    year = {2006},
    pages = {113--179}
}

@article{Narens:1980,
	author = {L. Narens},
	title = {On Qualitative Axiomatizations for Probability Theory},
	journal = {Journal of Philosophical Logic},
	volume = {9},
	year = {1980},
	pages = {143--151}
}

@article{Nelkin:2000,
    author  = {D.~K. Nelkin},
    title   = {The lottery paradox, knowledge, and rationality},
    journal = {The Philosophical Review},
    volume  = {109},
    pages   = {373--409},
    year    = {2000}
}

@article{Nelson:1977,
    author  = {E. Nelson},
    title   = {Internal set theory: a new approach to nonstandard analysis},
    journal = {Bulletin of the American Mathematical Society},
    volume  = {83},
    pages   = {1165--1198},
    year    = {1977}
}

@book{Nelson:1987,
    author  = {E. Nelson},
    title = {Radically Elementary Probability Theory},
    publisher = {Princeton University Press},
    address = {Princeton, NJ},
    year = {1987}
}

@article{NiederMiller:2003,
	author = {A. Nieder and E.~K. Miller},
	title = {Coding of cognitive magnitude: compressed scaling of numerical information in the primate prefrontal cortex},
	journal = {Neuron},
	volume = {37},
	year = {2003},
	pages = {149--157}
}

@article{Nieder:2005,
	author = {A. Nieder},
	title = {Counting on neurons: the neurobiology of numerical competence},
	journal = {Nature Reviews - Neuroscience},
	volume = {6},
	year = {2005},
	pages = {177--190}
}

@book{Nies:2008,
    author = {A. Ni\'{e}s},
    title = {Computability and Randomness},
    publisher = {Clarendon Press},
    address = {Oxford, UK},
    year = {2008}
}

@article{Nigrini:1996,
    author = {M. Nigrini},
    title = {A taxpayer compliance application of {B}enford's law},
    journal = {Journal of the American Tax Association},
    volume = {18},
    year = {1996},
    pages = {72--91}
}

@article{Norton:2003,
	author = {J.~D. Norton},
	title = {Causation as Folk Science},
	journal = {Philosophers' Imprint},
	volume = {3},
    issue = {4},
	year = {2003}
}
%	pages = {1--22}

@article{Norton:2007,
	author = {J.~D. Norton},
	title = {Probability disassembled},
	journal = {British Journal of Philosophy of Science},
	volume = {58},
	year = {2007},
	pages = {141--171}
}

@article{Norton:2008,
	author = {J.~D. Norton},
	title = {The Dome: An Unexpectedly Simple Failure of Determinism},
	journal = {Philosophy of Science},
	volume = {75},
	year = {2008},
	pages = {786--798}
}

@article{Oberschelp:1962,
	author = {W. Oberschelp},
	title = {{\"U}ber die {B}egr{\"u}ndung wahrscheinlichkeitstheoretischer {A}xiome durch {W}etten},
	journal = {Archiv f{\"u}r mathematische Logik und Grundlagenforschung},
	volume = {6},
	year = {1962--63},
	pages = {35--51}
}

@incollection{ODonovan:2007,
    author = {R. {O'Donovan}},
    title = {Pre-university analysis},
    editor = {I. van den Berg and N. Neves},
    booktitle = {The Strength of Nonstandard Analysis},
    pages = {177--188},
    publisher = {Springer},
    address = {Vienna, Austria},
    year = {2007}
}

@article{OpferDeVries:2008,
    author  = {J.~E. Opfer and J.~M. DeVries},
    title   = {Representational change and magnitude estimation: Why young children can make more accurate salary comparisons than adults},
    journal = {Cognition},
    volume  = {108},
    year    = {2008},
    pages   = {843--849}
}

@article{Oppy:1990,
    author  = {G. Oppy},
    title   = {On {R}escher on {P}ascal's wager},
    journal = {International Journal for Philosophy of Religion},
    volume  = {30},
    year    = {1990},
    pages   = {159--168}
}
%G.~R. Oppy

@book{Oppy:2006,
    author = {G. Oppy},
    title = {Philosophical Perspectives on Infinity},
    publisher = {Cambridge University Press},
    address = {Cambridge, UK},
    year = {2006}
}
%G.~R. Oppy

@article{OwenGrofman:1984,
    author  = {G. Owen and B. Grofman},
    title   = {To vote or not to vote: the paradox of nonvoting},
    journal = {Public Choice},
    volume  = {42},
    pages   = {311--325},
    year    = {1984}
}

%{Pacuit-etal:2013,
%Pacuit E, Pedersen AP, Romeijn JW (2013) When is an example a counterexample? In: Schipper BC (ed) TARK XIV proceedings, ACM Digital Library, pp 156--65

@book{Painleve:1967,
    author = {P Painlev{\'e}},
    title = {Analyse des travaux scientifiques},
    publisher = {Albert Blanchard},
    address = {Paris, France},
    year = {1967},
    note = {Reprinted in: ``{\OE}uvres de Paul Painlev{\'e}'', {\'E}ditions du CNRS, Paris (1972), Vol.~1, pp.~72--73}
}
%http://homepage.math.uiowa.edu/~jorgen/hadamardquotesource.html

@incollection{Pagin:2011,
    author = {P. Pagin},
    title = {Vagueness and domain restriction},
    editor = {P. Egr\'{e} and N. Klinedinst},
    booktitle = {Vagueness and Language Use},
    publisher = {Palgrave Macmillan},
    address = {London, UK},
    year = {2011},
    pages ={283--307}
}
% \url{http://people.su.se/~ppagin/papers/vagdom4.pdf}

@article{Palmgren:1998,
	author = {E. Palmgren},
	title = {Developments in Constructive Nonstandard Analysis},
	journal = {The Bulletin of Symbolic Logic},
	volume = {4},
	year = {1998},
	pages = {233--272}
}

@article{Parikh:1971,
	author = {R. Parikh},
	title = {Existence and Feasibility in Arithmetic},
	journal = {The Journal of Symbolic Logic},
	volume = {36},
	year = {1971},
	pages = {494--508}
}

@article{ParikhParnes:1972,
	author = {R. Parikh and M. Parnes},
	title = {Conditional probability can be defined for all pairs of sets of reals},
	journal = {Advances in Mathematics},
	volume = {9},
	year = {1972},
	pages = {313--315}
}

@incollection{ParikhParnes:1974,
    author = {R. Parikh and M. Parnes},
    title = {Conditional probabilities and uniform sets},
    editor = {A. Hurd and P. Loeb},
    booktitle = {Victoria Symposium on Nonstandard Analysis},
    pages = {177--188},
    series = {Lecture Notes in Mathematics},
    volume = {369},
    publisher = {Springer},
    address = {Berlin, Germany},
    year = {1974}
}

@article{Parikh:1994,
	author = {R. Parikh},
	title = {Vagueness and utility: The semantics of common nouns},
	journal = {Linguistics and Philosophy},
	volume = {17},
	year = {1994},
	pages = {521--535}
}

@article{Parikh:2002,
	author = {R. Parikh},
	title = {Social software},
	journal = {Synthese},
	volume = {132},
	year = {2002},
	pages = {187--211}
}

@article{Parker:2013,
    author = {M.W. Parker},
    title = {Set size and the part--whole principle},
    journal = {Review of Symbolic Logic},
    volume = {6},
    year = {2013},
    pages = {589--612}
}

@unpublished{Parker:2017,
    author = {M.W. Parker},
    title = {G\{"o}del's argument for {C}antorian cardinality},
    year = {2017},
    note = {Forthcoming in \textsl{No{\^u}s}}
}
% https://doi.org/10.1111/nous.12221

@unpublished{Parker:unpubl,
    author = {M.W. Parker},
    title = {Symmetry arguments against regular probability: A reply to recent objections},
    year = {2018},
    note = {Unpublished manuscript; URL: http://philsci-archive.pitt.edu/14362/}
}
% http://philsci-archive.pitt.edu/14362/
% https://philpapers.org/rec/PARSAA-8

@book{Peano:1889,
    author = {G. Peano},
    title = {Arithmetices principia, nova methodo exposita},
    publisher = {Bocca},
    address = {Turin, Italy},
    year = {1889},
    note = {Translated as ``The principles of arithmetic, presented by a new method'' by J. Van Heijenoort in J. Van Heijenoort, editor, \textsl{From Frege to G\"{o}del: A Source Book in Mathematical Logic, 1879--1931}, Harvard University Press, Cambridge, MA (1977) 83--97; \url{http://books.google.be/books?id=v4tBTBlU05sC\&pg=PA83}}
}

@incollection{PedeferriFriend:2012,
    author = {A. Pedeferri and M. Friend},
    title = {Are mathematicians better described as formalists or pluralists?},
    booktitle = {L\&PSï¿½Logic and philosophy of science; Selected proceedings of the SILFS 2010 international congress},
    year = {2012},
    volume = {9}
}
%Abstract presented at `{L}ogic {C}olloquium 2010' at Paris, France; \url{http://www.logique.jussieu.fr/~malod/submissions}
% /lc2010_submission_57.pdf

@article{Pedersen:2014a,
    author = {A.~P. Pedersen},
    title = {Comparative expectations},
    journal = {Studia Logica},
    year = {2014},
    volume = {102},
    pages = {811--848}
}

@unpublished{Pedersen:2014b,
    author = {A.~P. Pedersen},
    title = {Strictly coherent preferences, no holds barred},
    year = {2014},
    note = {Unpublished manuscript}
}

@article{PeraireWallet:1989,
    author  = {P. P\'{e}raire and G. Wallet},
    title   = {Une th\'{e}orie relative des ensembles internes},
    journal = {Comptes rendus de l'Acad\'{e}mie des sciences. S\'{e}rie 1, Math\'{e}matique},
    volume  = {308},
    pages   = {301--304},
    year    = {1989}
}
%    journal = {C.R. Acad. Sci. Paris. S\'{e}rie 1, Math\'{e}matique},

@article{Perkins:1981,
    author = {E. Perkins},
    title = {A Global Intrinsic Characterization of {B}rownian Local Time},
    journal = {The Annals of Probability},
    volume = {9},
    year = {1981},
    pages = {800--817}
}

@article{Pettit:2001,
    author = {P. Pettit},
    title = {Deliberative Democracy and the Discursive Dilemma},
    journal = {Philosophical Issues},
    volume = {11},
    year = {2001},
    pages = {268--299}
}

@article{PhanVarenne:2010,
    author = {D. Phan and F. Varenne},
    title = {Agent-based models and simulations in economics and social sciences: from conceptual exploration to distinct ways of experimenting},
    journal = {Journal of Artificial Societies and Social Simulation},
    volume = {13},
    year = {2010},
    note = {\url{http://jasss.soc.surrey.ac.uk/13/1/5.html}}
}
% XXX pages?

@article{Pivato:2014,
    author = {M. Pivato},
    title = {Additive representation of separable preferences over infinite products},
    journal = {Theory and Decision},
    volume = {77},
    year = {2014},
    pages = {31--83}
}
%DOI 10.1007/s11238-013-9391-2).

@article{Pluchino_etal:2006,
    author = {A. Pluchino and V. Latora and A. Rapisarda},
    title = {Compromise and synchronization in opinion dynamics},
    journal = {The European Physical Journal B},
    volume = {50},
    year = {2006},
    pages = {169--176}
}

@article{Pollock:1986,
    author  = {J. Pollock},
    title   = {The paradox of the preface},
    journal = {Philosophy of Science},
    volume  = {53},
    pages   = {246--258},
    year    = {1986}
}

@article{Popper:1938,
    author = {K.~R. Popper},
    title = { A Set of Independent Axioms for Probability},
    journal = {Mind},
    volume = {47},
    year = {1938},
    pages = {275--277}
}

@book{Popper:1959a,
    author = {K.~R. Popper},
    title = {The Logic of Scientific Discovery},
    publisher = {Hutchinson},
    address = {London, UK},
    year = {1959},
    note = {Reprinted by Routledge Classics, London, UK, 2002}
}

@article{Popper:1959b,
    author = {K.~R. Popper},
    title = {The Propensity Interpretation of Probability},
    journal = {British Journal for the Philosophy of Science},
    volume = {10},
    year = {1959},
    pages = {25--42}
}

@book{Press_etal:2005,
    title = {Numerical Recipees in {C}++},
    author = {W.~H. Press and S.~A. Teukolsky and W.~T. Vetterling and B.~P. Flannery},
    publisher = {Cambridge University Press},
    address = {New York, NY},
    year = {2005},
    note = {second edition}
}

@book{Price:1954,
    title = {Dialogues of Alfred North Whitehead},
    author = {L. Price},
    publisher = {Little - Brown},
    address = {Boston, MA},
    year = {1954},
    note = {Reprinted by David R.~Godine Publisher, Boston, MA, 2001.}
}

@article{Priest:1998,
    author  = {G. Priest},
    title   = {What is so bad about contradictions?},
    journal = {The Journal of Philosophy},
    volume  = {95},
    pages   = {410--426},
    year    = {1998}
}

@article{Pruss:2012,
    author  = {A. Pruss},
    title   = {Infinite lotteries, perfectly thin darts, and infinitesimals},
    journal = {Thought},
    volume  = {1},
    pages   = {81--89},
    year    = {2012}
}

@article{Pruss:2013,
    author  = {A. Pruss},
    title   = {Probability, regularity, and cardinality},
    journal = {Philosophy of Science},
    volume  = {80},
    pages   = {231--240},
    year    = {2013}
}

@article{Pruss:2014,
    author  = {A. Pruss},
    title   = {Infinitesimals are too small for countably infinite fair lotteries},
    journal = {Synthese},
    volume  = {191},
    pages   = {1051--1057},
    year    = {2014}
}

@book{Putnam:1981,
    author  = {H. Putnam},
    title   = {Reason, Truth, and History},
    publisher = {Cambridge University Press},
    address = {Cambridge, UK},
    year    = {1981}
}

@inproceedings{Ramirez:2006,
    author = {D. {Ramirez-Cano} and J. Pitt},
    title = {Follow the Leader: Profiling Agents in an Opinion Formation Model of Dynamic Confidence and Individual Mind-sets},
    editor = {T. {Nishida \textit{et al.}}},
    booktitle = {Proceedings of the 2006 IEEE\slash WIC\slash ACM International Conference on Intelligent Agent Technology (IAT-06)},
    publisher = {IEEE Computer Society Press},
    location = {Hong Kong, P.R. China},
    year = {2006},
    pages = {660--667}
}

@incollection{Ramsey:1926,
    author = {F.~P. Ramsey},
    title = {Truth and probability},
    editor = {R.~B. Braithwaite},
    booktitle = {The Foundations of Mathematics and Other Logical Essays},
    publisher = {Routledge \& P.~Kegan},
    address = {London, UK},
    series = {International library of psychology, philosophy, and scientific method},
    volume = {5},
    year = {1931},
    pages = {156--198},
    note = {(Original paper from 1926)}
}

@book{Rand:1955,
    author = {Corporation {`RAND'}},
    title = {A Million Random Digits with 100,000 Normal Deviates},
    publisher = {Free Press},
    address = {Glencou, IL},
    year = {1955},
    note = {Reprinted by Rand, 2001}
}

@book{Rawls:1999,
    author = {J. Rawls},
    title = {A Theory of Justice},
    publisher = {Belknap Press},
    address = {Cambridge, MA},
    year = {1999},
    note = {Revised edition}
}

@article{Renyi:1955,
    author = {A. R\'{e}nyi},
    title = {On a new axiomatic theory of probability},
    journal = {Acta Mathematica Hungarica},
    volume = {6},
    year = {1955},
    pages = {285--335}
}

@article{Reyna&Ellis:1994,
    author = {V.~F. Reyna and S.~C. Ellis},
    title = {Fuzzy-Trace Theory and Framing Effects in Children's Risky Decision Making},
    journal = {Psychological Science},
    volume = {5},
    year = {1994},
    pages = {275--279}
}
%doi: 10.1111/j.1467-9280.1994.tb00625.x

@article{Reyna&Brainerd:1995,
    author = {V.~F. Reyna and C.~J. Brainerd},
    title = {Fuzzy-trace theory: An interim synthesis},
    journal = {Learning and Individual Differences},
    volume = {7},
    year = {1995},
    pages = {1--75}
}

@article{Reyna&Hamilton:2001,
	author = {V.~F. Reyna and A.~J. Hamilton},
	title = {The importance of memory in informed consent for surgical risk},
	journal = {Med. Decis. Making},
	volume = {21},
	year = {2001},
	pages = {152--155}
}

@article{Reyna:2004,
    author = {V.~F. Reyna},
    title = {How People Make Decisions that Involve Risk: A Dual-Processes Approach},
    journal = {Current Directions in Psychological Science},
    volume = {13},
    year = {2004},
    pages = {60--66}
}

@article{Robinson:1961,
    author = {A. Robinson},
    title = {Non-standard analysis},
    journal = {Proceedings of the Royal Academy of Sciences, Amsterdam, ser.~A},
    volume = {64},
    year = {1961},
    pages = {432--440}
}
%Nederl. Acad. Wetensch. Proc. Ser. A
%? Indag. Math.; 23

@book{Robinson:1966,
    author  = {A. Robinson},
    title   = {Non-Standard Analysis},
    publisher = {North-Holland},
    address = {Amsterdam, The Netherlands},
    year    = {1966}
}

%{Romeijn:2004,
%Romeijn JW (2004) Hypotheses and inductive predictions. Synthese 143(3):333--364

%{Romeijn:2005,
%Romeijn JW (2005) Theory change and {B}ayesian statistical inference. Philosophy of Science 72:1174--1186

%{Romeijn:2011a,
%Romeijn JW (2011) Statistics as inductive logic. In: Bandyopadhyay P, Forster M (eds) Philosophy of Statistics, Handbook for the Philosophy of Science, vol~7, North Holland (Elsevier), Oxford, UK, pp 751--774

@book{Rosen:2000,
    author = {K.~H. Rosen},
    title = {Handbook of Discrete and Combinatorial Mathematics},
    publisher = {CRC Press},
    address = {Boca Raton, FL},
    year = {2000}
}

@book{Rubio:1994,
    author = {J.~E. Rubio},
    title = {Optimization and Nonstandard Analysis},
    publisher = {Marcel Dekker},
    address = {New York, NY},
    year = {1994}
}

@book{Rucker:1982,
    author = {R. Rucker},
    title = {Infinity and the Mind: The Science and Philosophy of the Infinite},
    publisher = {Princeton University Press},
    address = {Princeton, NJ},
    year = {1982}
}

@article{Ruddick:1940,
	author = {C.~T. Ruddick},
	title = {Cournot's Doctrine of Philosophical Probability},
	journal = {The Philosophical Review},
	volume = {74},
	year = {1940},
	pages = {415--423}
}

@book{Rukeyser:1968,
    author = {M. Rukeyser},
    title = {The Speed of Darkness},
    publisher = {Random House},
    address = {New York, NY},
    year = {1968}
}

@incollection{Russell:1918,
    author = {B. Russell},
    title = {The Philosophy of Logical Atomism},
    editor = {J.~G. Slater},
    booktitle = {Collected Papers of Bertrand Russell},
    volume = {8},
    publisher = {Allen \& Unwin},
    address = {London, UK},
    year = {1986},
    note = {(Original essay from 1918)}
}

%{Salmon:1990,
%Salmon WC (1990) Rationality and Objectivity in Science

@book{Savage:1954,
    author = {B. Russell},
    title = {The Scientific Outlook},
    publisher = {Allen \& Unwin},
    address = {London, UK},
    year = {1954},
    note = {2nd revised edition}
}
% Quote about approximation in exact science at p. 65

@book{Savage:1972,
    author = {L.~J. Savage},
    title = {The Foundations of Statistics},
    publisher = {Dover},
    address = {New York, NY},
    year = {1972},
    note = {2nd revised edition}
}

@article{Schaerf&Cadoli:1995,
	author = {M. Schaerf and M. Cadoli},
	title = {Tractable Reasoning via Approximation},
	journal = {Artificial Intelligence Journal},
	volume = {74},
	year = {1995},
	pages = {249--310}
}

@book{Schechter:1997,
    author = {E. Schechter},
    title = {Handbook of Analysis and its Foundations},
    publisher = {Academic Press (Elsevier)},
    address = {San Diego, CA},
    year = {1997}
}

@article{SchmiedenLaugwitz:1958,
	author = {C. Schmieden and D. Laugwitz},
	title = {Eine {E}rweiterung der {I}nfinitesimalrechnung},
	journal = {Mathematisches Zeitschrift},
	volume = {69},
	year = {1958},
	pages = {1--39}
}

@article{SchurzLeitgeb:2008,
    author = {G. Schurz and H. Leitgeb},
    title = {Finitistic and frequentistic approximation of probability measures with or without {$\sigma$}-additivity},
    journal = {Studia Logica},
    volume = {89},
    year = {2008},
    pages = {257--283}
}

@article{Seidenfeld:1979,
    author = {T. Seidenfeld},
    title = {Why {I} am not an objective {B}ayesian; Some reflections prompted by {R}ozenkrantz},
    journal = {Theory and Decision},
    volume = {11},
    year = {1979},
    pages = {413--440}
}

@incollection{Selten:2001,
    author = {R. Selten},
    title = {What Is Bounded Rationality?},
    editor = {G. Gigerenzer and R. Selten},
    booktitle = {Bounded Rationality: The Adaptive Toolbox},
    publisher = {MIT Press},
    address = {Berlin, Germany},
    year = {2001}
}

@book{Shafer:1976,
    author  = {G. Shafer},
    title   = {A Mathematical Theory of Evidence},
    publisher = {Princeton University Press},
    address = {Princeton, NJ},
    year    = {1976}
}

@incollection{Shafer:2008,
    author = {G. Shafer},
    title = {The Game-Theoretic Framework for Probability},
    editor = {B. Bouchon-Meunier and C. Marsala and M. Rifqi and R.~R Yager},
    booktitle = {Uncertainty And Intelligent Information Systems},
    publisher = {World Scientific},
    address = {Hackensack, NJ},
    year = {2008},
    pages = {3-15}
}
% URL: http://www.worldscibooks.com/compsci/6747.html

@book{ShapiroStockman:2002,
    author  = {L.~G. Shapiro and G.~C. Stockman},
    title   = {Computer Vision},
    publisher = {Prentice-Hall},
    address = {Upper Saddle River, NJ},
    year    = {2002}
}

@article{Shepard_etal:1975,
    author = {R.~N. Shepard and D.~W. Kilpatric and J.~P. Cunningham},
    title = {The internal representation of numbers},
    journal = {Cognitive Psychology},
    volume = {7},
    year = {1975},
    pages = {82--138}
}
%Cogn. Psych.

@article{Shermer:2008,
    author = {M. Shermer},
    title = {Patternicity},
    journal = {Scientific American},
    volume = {299},
    year = {2008},
    pages = {48}
}
% Sci. Am.

@article{Shimony:1955,
	author = {A. Shimony},
	title = {Coherence and the axioms of confirmation},
	journal = {The Journal of Symbolic Logic},
	volume = {20},
	year = {1955},
	pages = {1--28}
}
%Abner

%{Shimony:1970,
%Shimony A (1970) Scientific inference. In: Colony RG (ed) The Nature and Function of Scientific Theories, The University of Pittsburgh Press, Pittsburgh, pp 79--172

@article{Siegler:1981,
	author = {R.~S. Siegler},
	title = {Developmental Sequences within and between Concepts},
	journal = {Monographs of the Society for Research in Child Development},
	volume = {46},
	year = {1981},
	pages = {1--84}
}

@article{Siegler_etal:2009,
	author = {R.~S. Siegler and C.~A. Thompson and J.~E. Opfer},
	title = {The Logarithmic-To-Linear Shift: One Learning Sequence, Many Tasks, Many Time Scales},
	journal = {Mind, Brain, and Education},
	volume = {3},
	year = {2009},
	pages = {143--150}
}

@article{Simon:1955,
    author = {H.~A. Simon},
    title = {A Behavioral Model of Rational Choice},
    journal = {Quart. J. Econ.},
    volume = {69},
    year = {1955},
    pages = {99--118}
}
% 1982. Models of Bounded Rationality, Vols. 1 and 2. MIT Press. His papers on economics.

@article{Skolem:1922,
    author = {Th.~A. Skolem},
    title = {Einige Bemerkungen zur axiomatischen Begr\"undung der Mengenlehre},
    journal = {Proc. 5th Scandinaviska Matematikerkongressen, Helsingfors, July 4--7, 1922},
    year = {1923},
    publisher = {Akademiska Bokhandeln},
    address = {Helsinki, Finland},
    pages = {217--232},
    note = {Translated as ``Some remarks on axiomatized set theory'' by S. Bauer-Mengelberg in J. Van Heijenoort, editor, \textsl{From Frege to G\"{o}del: A Source Book in Mathematical Logic, 1879--1931}, Harvard University Press, Cambridge, MA (1977) 290--301; \url{http://books.google.be/books?id=v4tBTBlU05sC\&pg=PA290}}
}
%Address delivered before the {F}ifth {C}ongress of {S}candinavian {M}athematicians in 1922
%Helsingfors is Finnish for Helsinki

@article{Skolem:1934,
    author = {Th.~A. Skolem},
    title = {\"{U}ber die {N}icht-charakterisierbarkeit der {Z}ahlenreihe mittels endlich oder abz\"{a}hlbar unendlich vieler {A}ussagen mit ausschliesslich {Z}ahlenvariablen},
    journal = {Fundamenta Mathematicae},
    volume = {23},
    year = {1934},
    pages = {150--161}
}

@book{Skyrms:1980,
    author = {B. Skyrms},
    title = {Causal Necessity},
    publisher = {Yale University Press},
    address = {New Haven, CT},
    year = {1980}
}
%Appendix 4, pp.~177--187

@incollection{Skyrms:1983a,
    author = {B. Skyrms},
    title = {Zeno's paradox of measure},
    editor = {R.~S. Cohen and L. Laudan},
    booktitle = {Physics, Philosophy and Psychoanalysis: Essays in Hounour of {A}dolf {G}runbaum},
    publisher = {Reidel},
    address = {Dordrecht, The Netherlands},
    year = {1983},
    pages = {223--254}
}

@incollection{Skyrms:1983b,
    author = {B. Skyrms},
    title = {Three ways to give a probability assignment a memory},
    editor = {J. Earman},
    booktitle = {Testing Scientific Theories},
    series = {Minnesota Studies in the Philosophy of Science},
    volume = {X},
    publisher = {University of Minnesota Press},
    address = {Minneapolis},
    year = {1983},
    pages = {157--161}
}

@article{Skyrms:1995,
    author = {B. Skyrms},
    title = {Strict coherence, sigma coherence and the metaphysics of quantity},
    journal = {Philosophical Studies},
    volume = {77},
    year = {1995},
    pages = {39--55}
}

@book{Sloman:1978,
    author = {A. Sloman},
    title = {The computer revolution in philosophy},
    publisher = {Humanities Press},
    address = {Atlantic Highlands, NJ},
    year = {1978}
}

@article{SommerSuppes:1997,
    author = {R. Sommer and P. Suppes},
    title = {Dispensing with the continuum},
    journal = {Journal of Mathematical Psychology},
    volume = {41},
    year = {1997},
    pages = {3--10}
}

@incollection{Spohn:2009,
    author = {W. Spohn},
    title = {A Survey of Ranking Theory},
    editor = {F. Huber and C. Schmidt-Petri},
    booktitle = {Degrees of Belief},
    series = {Synthese Library},
    volume = {342},
    publisher = {Springer},
    address = {Dordrecht, The Netherlands},
    year = {2009}
}

@article{StanleySzabo:2000,
    author = {J. Stanley and Z.~G. Szab\'{o}},
    title = {On Quantifier Domain Restriction},
    journal = {Mind \& Language},
    volume = {15},
    year = {2000},
    pages = {219--261}
}

@article{Stauffer:2002a,
	author = {D. Stauffer},
	title = {The {S}znajd model of consensus building with limited persuasion},
	journal = {International Journal of Modern Physics C},
	volume = {13},
	year = {2002},
	pages = {315--317}
}

@article{Stauffer:2002b,
	author = {D. Stauffer},
	title = {Better Being Third than Second in a Search for a Majority Opinion},
	journal = {Advances Complex Systems},
	volume = {5},
	year = {2002},
	pages = {97--100}
}

@article{StaufferdeOliveira:2002,
    author = {D. Stauffer and P.~M.~C. {de Oliveira}},
    title = {Persistence of Opinion in the Sznajd Consensus Model: Computer Simulation},
    journal = {The European Physical Journal B},
    volume = {30},
    year = {2002},
    pages = {587--592}
}

@article{Stalnaker:1970,
    author = {R.~C. Stalnaker},
    title = {Probability and conditionals},
    journal = {Philosophy of Science},
    volume = {37},
    year = {1970},
    pages = {64--80}
}

@book{Stegmuller:1976,
    author = {W. Stegm\"{u}ller},
    title = {The Structure and Dynamics of Theories},
    publisher = {Springer},
    address = {New York, NY},
    year = {1976}
}

@article{Stevens:1970,
	author = {S.~S. Stevens},
	title = {Neural events and the psychophysical law},
	journal = {Science},
	volume = {170},
	year = {1970},
	pages = {1043--1050}
}

@article{Stillwell:1977,
	author = {J. Stillwell},
	title = {Concise survey of mathematical logic},
	journal = {Australian Mathematical Society Journal (Series A)},
	volume = {24},
	year = {1977},
	pages = {139--161}
}
%Series A: Pure Mathematics and Statistics

@article{Stolz:1883,
	author = {O. Stolz},
	title = {Zur {G}eometrie der {A}lten, insbesondere {\"u}ber ein {A}xiom des {A}rchimedes},
	journal = {Mathematische Annalen},
	volume = {22},
	year = {1883},
	pages = {504--519},
    note = {Based on an earlier publication in ``Berichten des naturwissenschaftlich-medicinischen {V}ereines in {I}nnsbruck'', 1882, volume 12, p.~74.}
}

@book{Stolz:1885,
    author = {O. Stolz},
    title = {Vorlesungen {\"u}ber allgemeine {A}rithmetik},
    publisher = {Teubner},
    address = {Leipzig, Germany},
    year = {1885}
}
%Lectures on General Arithmetic
%erster {T}heil: {A}llgemeines und {A}rithhmetik der Reelen {Z}ahlen
%https://openlibrary.org/books/OL23357594M/Vorlesungen_%C3%BCber_allgemeine_Arithmetik

@article{Stone_etal:1994,
	author = {E.~R. Stone and J.~F. Yates and A.~M. Parker},
	title = {Risk communication: absolute versus relative expressions of low-probability risks},
	journal = {Organizational Behavior and Human Decision Processes},
	volume = {60},
	year = {1994},
	pages = {387--408}
}

@article{Stone_etal:1997,
	author = {E.~R. Stone and J.~F. Yates and A.~M. Parker},
	title = {Effects of numerical and graphical displays on professed risk-taking behavior},
	journal = {Journal of Experimental Psychology: Applied},
	volume = {3},
	year = {1997},
	pages = {243--256}
}

@article{Stone:2007,
    author = {P. Stone},
    title = {Why lotteries are just},
    journal = {Journal of Political Philosophy},
    volume = {3},
    pages = {276--295},
    year = {2007},
}

@article{Stone:2008a,
    author = {P. Stone},
    title = {What can lotteries do for education?},
    journal = {Theory and Research in Education},
    volume = {6},
    year = {2008},
    pages = {267--282}
}

@unpublished{Stone:2008b,
    author = {P. Stone},
    title = {What is a fair lottery?},
    year = {2008},
    note = {Working paper; \url{http://www.stanford.edu/~pstone/documents/What\_Is\_a\_Fair\_Lottery.pdf}}
}

@book{StroyanLuxemburg:1976,
    author = {K.~D. Stroyan and W.~A.~J. Luxemburg},
    title = {Introduction to the Theory of Infinitesimals},
    series = {Pure and Applied Mathematics},
    volume = {72},
    publisher = {Academic Press},
    address = {New York, NY},
    year = {1976}
}

@unpublished{Stroyan:2003,
    author = {K.~D. Stroyan},
    title = {Foundations of Infinitesimal Calculus},
    year = {2003},
    note = {Second edition in 1997; available for free download: \url{http://www.math.uiowa.edu/~stroyan/InfsmlCalculus/FoundInfsmlCalc.pdf}}
}
%    publisher = {Academic Press},
%    address = {Orlando, FL},

@incollection{Stroyan:2007,
    author = {K.~D. Stroyan},
    title = {Calculus with infinitesimals},
    editor = {I. van den Berg and N. Neves},
    booktitle = {The Strength of Nonstandard Analysis},
    pages = {177--188},
    publisher = {Springer},
    address = {Vienna, Austria},
    year = {2007}
}

@article{Sullivan:1976,
    author = {K. Sullivan},
    title = {The Teaching of Elementary Calculus Using the Nonstandard Analysis Approach},
    journal = {The American Mathematical Monthly},
    volume = {83},
    year = {1976},
    pages = {370--375}
}

@book{Suppes:1957,
    author ={P. Suppes},
    title = {Introduction to Logic},
    publisher = {Van Nostrand},
    address = {Princeton, NJ},
    year = {1957}
}

@book{Surowiecki:2004,
    author = {J. Surowiecki},
    title = {The Wisdom of Crowds: Why the Many Are Smarter Than the Few and How Collective Wisdom Shapes Business, Economies, Societies and Nations},
    publisher = {Doubleday},
    address = {New York, NY},
    year = {2004}
}

@article{Szemeredi:1975,
    author = {E. Szemer\'{e}di},
    title = {On sets of integers containing no k elements in arithmetic progression},
    journal = {Acta Arithmetica},
    volume = {27},
    pages = {199--245},
    year = {1975}
}
%    note = {Collection of articles in memory of Juri\u{i} Vladimirovi\v{c} Linnik}

@article{Sznajd:2000,
    author = {K. {Sznajd-Weron} and J. Sznajd},
    title = {Opinion Evolution in Closed Community},
    journal = {International Journal of Modern Physics C},
    volume = {11},
    pages = {1157--1166},
    year = {2000}
}

@article{Sznajd:2005,
    author = {K. {Sznajd-Weron} and J. Sznajd},
    title = {Who is left, who is right?},
    journal = {Physica A: Statistical Mechanics and its Applications},
    volume = {351},
    pages = {593--604},
    year = {2005}
}

@book{Taleb:2007,
    author = {N. Taleb},
    title = {The Black Swan: The Impact of the Highly Improbable},
    publisher = {Random House},
    address = {New York, NY},
    year = {2007}
}

@incollection{Talbott:2007,
    author = {W. Talbott},
    title = {Bayesian epistemology},
    editor = {N. Zalta},
    booktitle = {Stanford Encyclopedia of Philosophy},
    year = {2007},
    note = {\url{http://plato.stanford.edu/entries/epistemology-bayesian/}}
}

@incollection{Talbott:2008,
    author = {W. Talbott},
    title = {Bayesian epistemology},
    editor = {N. Zalta},
    booktitle = {Stanford Encyclopedia of Philosophy},
    year = {2008},
    note = {\url{http://plato.stanford.edu/entries/epistemology-bayesian/}}
}

@book{TavrisAronson:2007,
    author = {C. Tavris and E. Aronson},
    title = {Mistakes Were Made (But Not by Me)},
    publisher = {Harcourt},
    address = {Orlando, FL},
    year = {2007}
}

@book{Tenenbaum:1995,
    author = {G. Tenenbaum},
    title = {Introduction to Analytic and Probabilistic Number Theory},
    publisher = {Cambridge University Press},
    address = {Cambridge, UK},
    year = {1995}
}

@book{Thagard:1988,
    author = {P.~R. Thagard},
    title = {Computational Philosophy of Science},
    publisher = {MIT-press - Bradford Books},
    year = {1988}
}

@article{Thagard:1993,
    author = {P.~R. Thagard},
    title = {Societies of minds: science as distributed computing},
    journal = {Studies in History and Philosophy of Science},
    volume = {24},
    year = {1993},
    pages = {49--67}
}

@incollection{Thagard:1998,
    author = {P.~R. Thagard},
    title = {Computation and the philosophy of science},
    booktitle = {The Digital Phoenix: How Computers are Changing Philosophy},
    editor = {T.~W. Bynum and J.~H. Moor},
    publisher = {Blackwell},
    address = {Oxford, UK},
    year = {1998},
    pages = {48--61}
}

@article{ThompsonOpfer:2008,
    author = {C.~A. Thompson and J.~E. Opfer},
    title = {Costs and benefits of representational change: Effects of context on age and sex differences in symbolic magnitude estimation},
    journal = {Journal of Experimental Child Psychology},
    volume = {101},
    year = {2008},
    pages = {20--51}
}

@article{Thomson:1954,
    author = {J. Thomson},
    title = {Tasks and super-tasks},
    journal = {Analysis},
    volume = {XV},
    year = {1954--55},
    pages = {1--13},
    note = {Reprinted in W.~Salmon (editor), \textsl{Zeno's paradoxes}. Bobbs-Merril, Indianapolis, IN, 1970}
}

@incollection{Todd:2001,
    author = {P.~M. Todd},
    title = {Fast and Frugal Heuristics for Environmentally Bounded Minds},
    booktitle = {Bounded Rationality: The Adaptive Toolbox},
    editor = {G. Gigerenzer and R. Selten},
    publisher = {MIT Press},
    address = {Berlin, Germany},
    year = {2001}
}

@book{Tolkien:1954,
    author = {J.~R.~R. Tolkien},
    title = {The Fellowship of the Ring: being the first part of The Lord of the Rings},
    publisher = {George Allen \& Unwin},
    address = {London, UK},
    year = {1954},
    note = {Reprinted by HarperCollins, New York, NY, 2nd edition, 2001.}
}

@book{Truss:1997,
    author = {J. Truss},
    title = {Foundations of mathematical analysis},
    publisher = {Clarendon Press},
    address = {Oxford, UK},
    year = {1997}
}

@article{Uffink:1995,
    author = {J. Uffink},
    title = {Can the Maximum Entropy Principle be Explained as a Consistency Requirement?},
    journal = {Studies in History and Philosophy of Modern Physics},
    volume = {26},
    pages = {223--261},
    year = {1995}
}

@incollection{Uffink:2007,
    author = {J. Uffink},
    title = {Compendium of the foundations of classical statistical physics},
    booktitle = {Philosophy of Physics},
    editor = {J. Butterfield and J. Earman},
    publisher = {North-Holland - Elsevier},
    address = {Amsterdam, The Netherlands},
    year = {2007}
}

@article{Ulam_etal:1947,
    author = {S. Ulam and R.~D. Richtmyer and J. {von Neumann}},
    title = {Statistical methods in neutron diffusion},
    journal = {Los Alamos Scientific Laboratory Report LAMS},
    volume = {551},
    year = {1947}
}

@article{vanFraassen:1976,
	author = {B.~C. van Fraassen},
	title = {Representation of Conditional Probabilities},
	journal = {Journal of Philosophical Logic},
	volume = {5},
	year = {1976},
	pages = {417--430}
}

@book{vanFraassen:1989,
    author = {B.~C. {van Fraassen}},
    title = {Laws and Symmetry},
    publisher = {Clarendon Press},
    address = {Oxford, UK},
    year = {1989}
}

@article{vanFraassen:1995,
	author = {B.~C. van Fraassen},
	title = {Fine-Grained Opinion, Probability, and the Logic of Full Belief},
	journal = {Journal of Philosophical Logic},
	volume = {24},
	year = {1995},
	pages = {349--377}
}

@book{Vaeth:2007,
    author = {M. V\"{a}th},
    title = {Nonstandard Analysis},
    publisher = {Birkh\"{a}user Verlag},
    address = {Basel, Switserland},
    year = {2007}
}

@book{Vilenkin:2006,
    author = {A. Vilenkin},
    title = {Many worlds in One: The Search for other Universes},
    publisher = {Hill and Wang},
    address = {New York, NY},
    year = {2006}
}

@book{Ville:1939,
    author = {J. Ville},
    title = {Etude critique de la notion de collectif},
    publisher = {Gauthiers-Villars},
    address = {Paris, France},
    year = {1939}
}

@article{vanStrien:2014,
    author = {van Strien, M.},
    title = {The {N}orton dome and the nineteenth century foundations of determinism},
    journal = {Journal for General Philosophy of Science},
    year = {2014},
    volume = {45},
    pages = {167--185}
}
%abstract: http://conferences.phs.uoa.gr/andhps/Files/Abstracts/van%20Strien.pdf

@article{vonMises:1919,
    author = {von Mises, R.},
    title = {Grundlagen der {W}ahrscheinlichkeitsrechnung},
    journal = {Mathematische Zeitschrift},
    volume = {5},
    year = {1919},
    pages = {52--99}
}

@book{vonMises:1928,
    author = {von Mises, R.},
    title = {Probability, Statistics and Truth},
    year = {1928},
    publisher = {George Allen \& Unwin},
    address = {London, UK},
    note = {Reprinted by Dover, Mineola, NY, 1981}
}
% ISBN 0486242145

@incollection{vonNeumann:1951,
    author = {von Neumann, J.},
    title = {Various techniques used in connection with random digits},
    editor = {A.~S. Householder and G.~E. Forsythe and H.~H. Germond},
    booktitle = {Monte Carlo Method},
    series = {National Bureau of Standards Applied Mathematics Series},
    volume = {12},
    publisher = {U.S. Government Printing Office},
    address = {Washington, D.C.},
    year = {1951},
    pages = {36--38}
}
% NBS math. Series

@article{VovkShafer:2003,
    author = {V.~G. Vovk and G.~R. Shafer},
    title = {Kolmogorovï¿½s contributions to the foundations of probability},
    journal = {Problems of Information Transmission},
    volume = {39},
    year = {2003},
    pages = {21--31}
}

@article{Walley:2000,
    author = {P. Walley},
    title = {Towards a unified theory of imprecise probability},
    journal = {International Journal of Approximate Reasoning},
    volume = {24},
    year = {2000},
    pages = {125--148}
}

@article{Webb:1975,
    author = {S.~M. Webb},
    title = {Nonstandard probability},
    journal = {Notre Dame Journal of Formal Logic},
    volume = {XVI},
    year = {1975},
    pages = {397--401}
}

@article{Weintraub:2008,
    author = {R. Weintraub},
    title = {How probable is an infinite sequence of heads? {A} reply to {W}illiamson},
    journal = {Analysis},
    volume = {68},
    year = {2008},
    pages = {247--250}
}

@article{Weisbuch_etal:2002,
    author = {G. Weisbuch and G. Deffuant and F. Amblard and J.~P. Nadal},
    title = {Meet, Discuss and Se\-gre\-gate!},
    journal = {Complexity},
    volume = {7},
    year = {2002},
    pages = {55--63}
}

@article{WenmackersHorsten:2013,
    author = {S. Wenmackers and L. Horsten},
    title = {Fair infinite lotteries},
    journal = {Synthese},
    volume = {190},
    year = {2013},
    pages = {37-61}
}
% DOI: 10.1007/s11229-010-9836-x

@PhDthesis{Wenmackers:2011a,
    author = {S. Wenmackers},
    title = {Philosophy of Probability: Foundations, Epistemology, and Computation},
    school = {University of Groningen},
    address = {Groningen, The Netherlands},
    year = {2011},
    note = {\url{http://philpapers.org/archive/WENPOP}}
}
%ISBN printed version: 978-90-367-4869-8; electronic version: 978-90-367-4870-4.

@incollection{Wenmackers:2011b,
    author = {S. Wenmackers},
    title = {How to track reality},
    editor = {T. {Botz-Bornstein}},
    booktitle = {Inception and Philosophy; Ideas to die for},
    series = {Popular Culture and Philosophy series},
    volume = {62},
    publisher = {Open Court},
    address = {Chicago, IL},
    year = {2011},
    pages = {3--23}
}
%ISBN 978-0-8126-9733-9

@article{Wenmackers_etal:2012a,
    author = {S. Wenmackers and D.~E.~P. Vanpoucke and I. Douven},
    title = {Probability of inconsistencies in theory revision; a multi-agent model for updating logically interconnected beliefs under bounded confidence},
    journal = {European Physical Journal B},
    volume = {85},
    year = {2012},
    note = {\url{http://dx.doi.org/10.1140/epjb/e2011-20617-8}}
}
%EPJ B

@article{Wenmackers_etal:2012b,
    author = {S. Wenmackers and D.~E.~P. Vanpoucke},
    title = {Models and simulations in material science: two cases without error bars},
    journal = {Statistica Neerlandica},
    volume = {66},
    year = {2012},
    pages = {339-355},
    note = {\url{http://dx.doi.org/10.1111/j.1467-9574.2011.00519.x}}
}

@unpublished{Wenmackers:2012d,
    author = {S. Wenmackers},
    title = {The {L}ockean Thesis and {S}tratified {B}elief: rational beliefs for real people?},
    year = {2012},
    note = {Unpublished manuscript}
}

@incollection{Wenmackers:2012e,
    author = {V. Benci and L. Horsten and S. Wenmackers},
    title = {Axioms for Non-{A}rchimedean Probability ({NAP})},
    editor = {J. {De Vuyst} and L. Demey},
    booktitle = {Future Directions for Logic; Proceedings of PhDs in Logic III},
    year = {2012},
    publisher = {College Publications},
    address = {London, UK},
    series = {IfColog Proceedings},
    volume = {2},
    note = {Chapter 12}
}
%Proceedings of PhDs in logic III 2011

@incollection{Wenmackers:2012f,
    author = {S. Wenmackers},
    title = {Ultralarge and infinite lotteries},
    booktitle = {Logic, Philosophy and History of Science in Belgium II; Proceedings of the Young Researchers Days 2010},
    editor = {B. {Van Kerkhove} and T. Libert and G. Vanpaemel and P. Marage},
    year = {2012},
    publisher = {Koninklijke Vlaamse Academie van Belgi\"{e} voor Wetenschappen en Kunsten},
    address = {Belgium, Brussels},
    pages = {59-66}
}
%Proceedings of YRDII 2010

@article{Wenmackers:2013,
    author = {S. Wenmackers},
    title = {Ultralarge lotteries: Analyzing the lottery paradox using non-standard analysis},
    year = {2013},
    journal = {Journal of Applied Logic},
    volume = {11},
    pages = {452--467}
}
%Special issue of Progic

@unpublished{Wenmackers:forthc,
    author = {S. Wenmackers},
    title = {Do infinitesimal probabilities neutralize the infinite utility in {P}ascal's wager?},
    year = {2018},
    note = {Forthcoming in P. Bartha and L. Pasternack (eds.) \textsl{Classic Arguments in the History of Philosophy: Pascal's Wager}, Cambridge, UK: Cambridge University Press}
}
% incollection
% series: Classic Philosophical Arguments

@unpublished{WenmackersVanpoucke:2014,
    author = {S. Wenmackers and D.~E.~P. Vanpoucke},
    title = {A deterministic model for {N}orton's dome},
    year = {2014},
    note = {Unpublished manuscript}
}

@article{Werndl:2009,
    author = {C. Werndl},
    title = {Are deterministic descriptions and indeterministic descriptions observationally equivalent?},
    journal = {Studies In History and Philosophy of Modern Physics},
    volume = {40},
    year = {2009},
    pages = {232--242}
}

@article{WernerWolff:1995,
    author = {R.~F.Werner and M.~P.~H. Wolff},
    title = {Classical mechanics as quantum mechanics with infinitesimal $\hbar$},
    journal = {Physics Letters A},
    volume = {202},
    year = {1995},
    pages = {155--159}
}

@incollection{Wheeler:2007,
    author = {G. Wheeler},
    title = {A review of the lottery paradox},
    editor = {W. L. Harper and G. Wheeler},
    booktitle = {Probability and Inference: Essays in Honour of {Henry E. Kyburg, Jr}},
    pages = {1--31},
    publisher = {King's College Publications},
    address = {London, UK},
    year = {2007}
}

@article{White:1999,
    author = {M. White},
    title = {Incommensurables and incomparables: {O}n the conceptual status and the philosophical use of hyperreal numbers},
    journal = {Notre Dame Journal of Formal Logic},
    volume = {40},
    year = {1999},
    pages = {420--446}
}

@book{Whitehead:1920,
    author = {A.~N. Whitehead},
    title = {The Concept of Nature},
    publisher = {Cambridge University Press},
    address = {Cambridge, UK},
    year = {1920}
}

@article{Wigner:1960,
    author = {E. Wigner},
    title = {The unreasonable effectiveness of mathematics in the natural sciences},
    journal = {Communications on Pure and Applied Mathematics},
    volume = {13},
    year = {1960},
    pages = {1--14}
}

@book{Williamson:1994,
    author  = {T. Williamson},
    title   = {Vagueness},
    publisher = {Routledge},
    address = {London, UK},
    year    = {1994}
}

@article{Williamson:1997,
    author  = {T. Williamson},
    title   = {Imagination, stipulation and vagueness},
    journal = {Philosophical Issues},
    volume  = {8},
    pages   = {215--228},
    year    = {1997}
}

@article{Williamson:1999,
    author = {J. Williamson},
    title = {Countable additivity and subjective probability},
    journal = {The British Journal for Philosophy of Science},
    volume = {50},
    year = {1999},
    pages = {401--416}
}

@book{Williamson:2002,
    author  = {T. Williamson},
    title   = {Knowledge and its Limits},
    publisher = {Oxford University Press},
    address = {Oxford, UK},
    year    = {2002}
}

@article{Williamson:2007,
    author = {T. Williamson},
    title = {How probable is an infinite sequence of heads?},
    journal = {Analysis},
    volume = {67},
    year = {2007},
    pages = {173--180}
}

@book{Wittgenstein:1922,
    author = {L. Wittgenstein},
    title = {Tractatus Logico-Philosophicus},
    publisher = {Routledge \& P.~Kegan},
    address = {London, UK},
    year = {1922},
    note = {Translated by C.~K. Ogden}
}

@article{Wood:2000,
	author = {W. Wood},
	title = {Attitude change: Persuasion and social influence},
	journal = {Annual Review of Psychology},
	volume = {51},
	year = {2000},
	pages = {539--570}
}

@incollection{ZeckhauserViscusi:2000,
    author = {R.~J. Zeckhauser and W.~K. Viscusi},
    title = {Risk within Reason},
    editor = {T. Connolly and H.~R. Arkes and K.~R. Hammond},
    booktitle = {Judgment and Decision Making},
    publisher = {Cambridge University Press},
    address = {Cambridge, UK},
    year = {2000},
    pages = {465--478},
    note = {2nd edition}
}
